3324 5430
811 264 859 337 15

195 533 243 599 gr.
261 510 371 597 γένος,
401 530 507 595 genus.
537 511 601 575 Sor.
623 501 722 592 panus
743 515 902 594 genitura,
928 499 1009 591 pano
1029 526 1107 590 gens
1130 506 1233 572 arad.
1253 497 1313 589 g'an
1335 508 1471 589 gignere,

194 650 311 715 parere.
354 633 454 712 Mon,
475 644 554 709 man,
577 629 632 708 uir,
654 625 745 691 bomo
758 626 825 716 Scr.
846 645 953 708 manu,
975 627 1067 690 bomo
1088 622 1223 701 (Wilson
1237 643 1262 688 s.
1277 622 1339 703 u),
1360 640 1471 687 manu-

194 743 262 829 s‘yo
283 747 378 832 idem,
401 743 503 829 arad.
525 760 613 828 man,
635 745 787 826 cogitare,
810 744 890 808 unde
913 760 1039 826 manus,
1062 758 1192 808 mens..

221 900 222 903 ’
275 897 304 960 8.
334 887 466 960 tiade.
494 890 592 957 teode.
640 883 770 955 Tiadae'
791 897 919 972 praeter.
954 890 1039 954 verbi
1068 890 1180 954 teoban
1212 888 1261 952 v'el
1289 887 1471 968 tiuhan,e

195 1030 277 1077 more
308 1002 431 1074 dialecti
452 1005 703 1073 Northumbricae
733 1014 763 1071 et
784 1009 896 1071 veteris
925 1007 1097 1071 Saxonioae
1129 1006 1182 1082 (cl.
1204 1004 1306 1068 Gloss.
1328 1003 1469 1068 Schmell.

193 1147 222 1210 p.
246 1127 314 1192 180.
344 1119 428 1202 ll8.)
459 1117 645 1188 contractum
672 1139 742 1187 esse
769 1120 888 1185 videtur
917 1139 956 1186 cx
985 1120 1128 1203 teobade,
1159 1119 1289 1185 tiobade.
1342 1118 1471 1183 Glossae

192 1241 437 1308 northumbricae
459 1243 651 1321 praeteritum
675 1239 855 1319 saepissime
873 1239 904 1301 in
924 1235 994 1302 ade
1014 1236 1161 1318 formant,
1183 1243 1216 1299 ut
1237 1233 1386 1318 lulwadc,
1408 1233 1471 1297 bo-

163 1444 165 1448 *
193 1358 289 1439 dade,
322 1355 477 1437 cliopude,
510 1351 744 1435 geembehtade,
779 1353 931 1435 leenade,
962 1350 1152 1432 gedrugad03
1188 1351 1227 1414 cl.
1265 1351 1331 1414 Par.
1368 1348 1470 1423 Cedro,

193 1475 270 1558 269,
292 1473 345 1535 24:
368 1468 537 1536 sveartade.
560 1469 630 1551 270,
653 1470 687 1534 3:
712 1467 842 1549 bogude.
870 1467 1026 1533 'Similiter
1045 1473 1173 1548 praeter.
1195 1465 1283 1530 teode
1307 1471 1403 1528 ortum
1425 1472 1473 1528 est

193 1590 326 1653 eiorma
345 1583 488 1667 tomedo,
510 1587 553 1648 nti
575 1583 646 1649 tedn
667 1582 809 1648 scribitur
830 1600 885 1664 pro
906 1584 1025 1649 tedhan.
1046 1583 1148 1664 Ipsam
1162 1583 1290 1646 formam
1313 1580 1419 1645 tidde
1440 1583 1471 1644 in

193 1705 258 1768 Par.
281 1705 334 1787 ll,
357 1702 406 1765 ll.
428 1699 630 1782 deprehendi:
653 1701 759 1765 lullum
783 1699 874 1764 tidde.
934 1755 936 1760 ,

86 1938 89 1945 ¹
206 1860 209 1866 '
273 1853 304 1915 9.
328 1831 530 1931 tu‘r'omqm,
559 1850 637 1930 plur.
659 1849 748 1932 iiras,
778 1850 900 1930 proprie
922 1846 1052 1929 quodvis
1074 1848 1211 1911 animans
1242 1845 1380 1928 deripiat,
1408 1853 1469 1909 tum

191 1968 359 2048 bominem,
389 1964 418 2029 et
449 1966 579 2046 pertinet
607 1960 645 2026 ad
676 1982 781 2028 vocem
809 1963 907 2045 feorb,
936 1962 1073 2026 scandin.
1096 1961 1164 2043 dir,
1194 1965 1270 2044 vita,
1301 1964 1410 2025 anima.
1431 1963 1469 2025 el.

193 2084 241 2148 Gr.
263 2082 312 2147 Gr.
327 2083 355 2165 2,
378 2082 448 2146 311.
471 2112 508 2123 -
532 2079 631 2160 lcld,
656 2083 770 2144 omissa
784 2079 915 2144 flexione
937 2075 1149 2162 genitivi-an,
1173 2095 1263 2159 quam
1285 2077 1421 2143 secunda
1443 2087 1471 2141 et

193 2201 279 2264 tertia
299 2198 441 2261 recensio
463 2203 579 2259 servat:
602 2195 717 2260 loldan.
759 2197 831 2276 lpsa
851 2210 912 2258 vox
935 2193 1019 2257 fold
1040 2177 1163 2277 terram,
1186 2195 1285 2257 solum
1309 2193 1470 2277 significat,

193 2317 265 2378 voci
297 2312 489 2393 germanicae
513 2308 603 2372 'leld
635 2313 711 2374 satis
744 2310 854 2374 uiduis,
884 2311 934 2354 -'
957 2310 1044 2406 luca
1075 2310 1158 2390 goth.
1190 2310 1288 2389 frauja
1320 2310 1470 2374 dominus.

195 2426 311 2504 Quodsi
332 2404 417 2490 haec>
440 2443 501 2489 vox
529 2442 597 2489 oum
620 2425 680 2505 adj.
710 2426 834 2491 Sanscr.
856 2428 969 2507 priya
995 2425 1142 2505 dilectus,
1173 2441 1278 2511 carus,
1309 2433 1429 2512 gratus,
1452 2445 1471 2490 a

194 2543 257 2608 rad.
285 2541 331 2635 pri
363 2540 504 2624 diligere,
537 2558 645 2604 revera
677 2542 821 2621 conjungi
853 2539 958 2622 debet,
994 2543 1037 2606 Cl.
1069 2540 1212 2606 Grimmio
1242 2545 1469 2606 consentiamus

123 2700 125 2703 -
195 2665 326 2740 oportet,
356 2659 408 2737 qui
437 2655 544 2736 (llytb.
568 2655 665 2720 Germ.
687 2656 734 2721 ed.
757 2657 779 2723 l.
805 2675 834 2738 p.
856 2656 933 2719 Vlll.
955 2656 995 2719 cf.
1016 2674 1044 2737 p.
1066 2656 1115 2719 lX.
1138 2656 1201 2722 XV.
1224 2658 1277 2737 ld)
1308 2658 1469 2742 contendit,

193 2792 300 2840 vocem
322 2775 422 2852 frauja
442 2772 658 2863 benignum
683 2770 837 2837 dominum
861 2773 1043 2852 significare.
1086 2751 1195 2836 Forma
1209 2774 1364 2838 saxonica
1378 2775 1469 2854 hujus

193 2894 279 2957 vocis
306 2894 353 2953 est
380 2886 484 2971 frdho,
512 2886 559 2951 lrd
589 2885 653 2964 (Gr.
675 2887 695 2950 l.
718 2904 744 2951 c.
766 2905 796 2968 p.
820 2889 868 2950 15.
898 2885 947 2951 Gr.
975 2887 1023 2952 Gr.
1052 2888 1081 2966 l,
1103 2887 1203 2971 ddi),
1227 2893 1470 2972 anglosaxonica

194 3006 315 3071 dialecti
337 2996 583 3085 septentrionalis
606 3004 672 3065 iren
696 3001 743 3066 Gr.
763 3001 811 3066 Gr.
834 3002 862 3084 l,
886 3005 955 3068 377.
978 3005 1013 3085 3,
1036 3005 1106 3070 320.

273 3153 403 3217 Primam
421 3153 632 3241 recensionem
654 3153 748 3215 multa
769 3151 882 3215 habere
903 3151 963 3216 sibi
984 3153 1165 3238 peculiaria,
1189 3170 1284 3236 quae,
1307 3157 1334 3219 si
1355 3173 1416 3220 non
1437 3156 1468 3219 id

192 3270 337 3353 probent,
366 3265 448 3349 quod
479 3267 523 3332 Cl.
552 3267 745 3332 Halbertsma
775 3269 814 3330 iis
840 3267 963 3348 probari
991 3270 1070 3352 vult,
1099 3270 1234 3349 linguam
1256 3271 1467 3335 ASarronicam

192 3385 312 3449 duobus
334 3383 448 3451 seculis
469 3382 561 3462 plane
582 3384 671 3449 aliam
693 3384 805 3446 iactam
827 3400 914 3467 esse,
937 3361 1053 3468 tamen,
1076 3393 1108 3448 ut
1128 3386 1201 3448 mibi
1214 3402 1291 3459 cum
1312 3388 1467 3452 Schmidio

191 3501 324 3582 ridetur,
357 3496 518 3561 dialectum
549 3497 827 3581 Northumbricam,
863 3500 913 3562 rel
944 3503 1046 3581 potius
1076 3500 1244 3580 Anglorum
1277 3505 1466 3568 orientalium

192 3615 345 3699 prodant,
361 3620 443 3678 certe
464 3613 630 3697 neminem,
652 3616 705 3694 qui
720 3592 841 3677 ‘variam
862 3614 1024 3679 lectionem
1046 3616 1204 3701 inspiciat,
1227 3619 1332 3700 lugere
1357 3628 1466 3701 potest.

190 3733 320 3798 Dialecti
339 3732 503 3795 varietates
526 3730 664 3793 extitisse
687 3731 775 3793 etiam
797 3730 875 3793 inter
896 3709 1173 3811 ,lnglossSaxones
1193 3736 1259 3814 ipse
1279 3734 1375 3798 Beda
1398 3735 1466 3799 bist.

190 3849 266 3914 cccl.
288 3847 332 3930 ll,
355 3849 382 3909 5.
406 3844 548 3925 aldrmat,
570 3844 618 3908 his
640 3843 759 3907 verbis:
784 3861 876 3929 „nam
896 3848 1012 3943 primus
1033 3848 1190 3929 imperium
1212 3849 1385 3928 buJusmodi
1407 3852 1466 3914 Elii

191 3960 315 4045 (tenuit)
338 3978 392 4025 rer
415 3961 593 4025 australium
613 3960 785 4042 Saxonum,
818 3960 972 4026 secundus
995 3962 1120 4047 Celin,
1140 3948 1205 4027 ‘reu
1232 3964 1465 4039 occidentalium

190 4083 360 4162 Saxonum,
381 4076 434 4157 qui
456 4075 596 4157 lingua
618 4077 795 4158 ipsorum
814 4076 955 4146 Oculin
973 4072 1169 4142 vocabatur.“
1214 4079 1369 4154 Quaenam
1392 4102 1464 4148 vero

190 4196 376 4260 differentiae
406 4192 516 4256 luerint
544 4197 695 4255 variarum
711 4189 920 4269 ,dialectorum
943 4193 1180 4277 Saxonicarum,
1202 4196 1282 4260 banc
1304 4201 1464 4278 quaestio-

188 4328 274 4394 nem,
300 4316 334 4374 ut
365 4290 447 4371 nuuc
474 4323 524 4370 res
554 4313 639 4386 sunt,
670 4307 808 4388 solvere,
834 4324 895 4371 non
925 4309 1016 4372 facile
1039 4312 1200 4391 quisquam
1222 4312 1339 4377 audeat.
1382 4307 1464 4378 Libri

188 4429 268 4493 enim
289 4424 502 4506 manuscripti,
533 4424 601 4504 qui,
623 4428 743 4503 praeter
764 4439 952 4488 communem
976 4425 1211 4511 occidentalem,
1240 4411 1331 4491 unam
1354 4430 1464 4493 aliam-

188 4562 225 4609 ve
248 4542 410 4606 dialectum
436 4537 517 4603 houd
545 4537 634 4601 dubie
664 4540 812 4622 referunt,
845 4541 893 4603 vel
915 4543 976 4604 rari
1003 4547 1087 4623 sunt,
1116 4543 1164 4605 vel
1186 4542 1319 4607 nondum
1348 4545 1464 4625 publici

185 4663 261 4740 juris
283 4659 365 4722 lacti.
405 4655 457 4736 Sic
479 4653 584 4720 Codex
605 4654 656 4728 illc
680 4654 858 4736 splendidus
882 4657 1103 4740 Cottouiensis,
1133 4660 1185 4738 qui
1212 4657 1339 4724 Glossas
1369 4661 1463 4726 Nort-

186 4775 359 4841 humbricus
382 4771 516 4835 continet
537 4777 567 4834 et
586 4773 709 4834 nomine
730 4769 1038 4835 buriam-book
1061 4771 1159 4841 doctis
1174 4775 1325 4860 innotuit,
1355 4781 1461 4858 partim
