3324 5430
782 237 806 307 5

153 495 262 543 nomen
285 481 418 542 auctoris
445 495 506 541 non
534 481 574 542 sit
595 479 738 563 additum,
763 487 859 562 extet,
881 480 959 543 hanc
986 481 1185 561 paraphrasin
1215 500 1276 547 non
1305 485 1428 550 aCed-

152 611 251 677 mone,
283 593 338 657 sed
368 599 497 675 apo'e'ta
526 595 629 675 aliquo
657 596 947 675 Angla-Saxonum
972 599 1218 681 septentrionali,
1252 600 1426 685 Cedmonis,

152 709 272 792 ,quoad
288 713 389 790 operis
405 717 630 792 argumentum,
653 714 792 793 quisquis
812 714 914 794 luerit,
937 729 999 776 non
1013 713 1129 776 infelici
1150 716 1299 780 imitatore
1308 709 1324 744 “
1347 735 1426 782 con-

123 833 261 890 ·taxtam
289 827 399 909 inisse,
428 829 540 889 statuit.
573 827 714 890 Colorem
744 830 824 892 enirn
856 830 1002 892 orationis
1024 836 1053 892 et
1074 828 1208 893 indolem
1231 834 1333 911 operis
1355 851 1426 898 esse

149 941 289 1023 eandem,
312 959 390 1021 quae
407 947 436 1005 et
457 944 488 1005 in
505 940 573 1004 aliis
595 943 732 1023 reliquiis
747 945 920 1007 literaturae
941 936 1231 1022 dogio-Saxonum
1246 951 1425 1014 recentioris

148 1062 254 1123 aetatis
276 1061 452 1139 reperiatur.
494 1058 656 1121 Auctorem
676 1075 749 1122 vero
765 1061 904 1139 poeticae
925 1060 1007 1123 illius
1025 1060 1249 1140 paraphraseos
1273 1071 1425 1145 ,septen-

147 1167 327 1239 trionalem“
351 1171 501 1254 quendam
515 1173 803 1251 Angla-Saxonem
826 1169 1103 1256 (northumbricuru
1118 1173 1211 1258 puta)
1233 1176 1303 1241 ideo
1323 1180 1423 1243 luisse
1519 1188 1523 1199 “

141 1289 290 1369 judicavit
310 1290 345 1354 V.
369 1280 422 1368 Ch,
447 1287 528 1370 quod
549 1290 579 1352 in
600 1289 652 1351 illa
672 1289 783 1353 multas
811 1308 905 1356 vocas
928 1299 957 1355 at
979 1291 1107 1372 phrases
1131 1293 1422 1360 Dauo-Saronicus

145 1403 385 1486 deprehendisse
413 1404 473 1469 sibi
505 1403 677 1487 videbatur,
709 1407 817 1487 quales
846 1409 877 1470 in
907 1410 982 1473 hlss.
1012 1405 1093 1470 haud
1123 1408 1247 1473 multum
1276 1419 1344 1474 ante
1371 1414 1420 1477 vel

144 1525 244 1586 statim
270 1530 340 1602 post
366 1523 555 1584 iuvasionem
584 1521 836 1585 Nortmanuorum
864 1527 995 1586 exaratis
1023 1525 1224 1588 inveniantur.
1239 1519 1278 1604 ⁴³)
1325 1527 1422 1591 Aliter

144 1640 247 1702 statuit
270 1639 456 1701 novissimus
478 1636 674 1716 paraphrasis
697 1635 809 1721 editor,
831 1638 929 1719 B'anj.
954 1638 1161 1721 lhorpius,
1189 1641 1217 1703 si
1244 1643 1313 1720 quis
1342 1643 1420 1706 alius

144 1762 231 1834 aptus
247 1751 378 1815 adhaec
396 1750 571 1830 judicanda.
594 1751 717 1816 Obtinet
737 1759 816 1817 enirn
838 1772 906 1818 cum
927 1755 955 1818 J.
976 1753 1149 1819 Komblio
1171 1734 1297 1836 primurn
1319 1757 1419 1821 locum

142 1873 219 1933 iuter
251 1886 306 1932 eos
327 1868 459 1950 Anglos,
492 1869 559 1948 qui,
588 1885 713 1931 suorum
746 1872 860 1950 patriae
883 1888 986 1934 amore
1007 1876 1037 1933 et
1056 1870 1255 1935 societatibus
1277 1874 1420 1938 literariis

142 1987 253 2068 adjuti,
286 1984 418 2050 studium
447 1984 570 2064 liuguae
591 1984 896 2064 Angla-Saxonicae
926 1984 1071 2048 librorum
1094 1985 1277 2051 editionibus
1300 1996 1328 2052 et
1351 1988 1421 2052 dis-

142 2101 359 2184 quisitionibus
400 2099 541 2181 eruditis,
579 2116 672 2180 quum
700 2102 732 2163 in
756 2101 926 2176 Britannia,
959 2107 1021 2163 tum
1050 2102 1131 2182 apud
1160 2109 1283 2168 exteros
1312 2107 1419 2171 mirum

142 2226 286 2300 quantum
306 2223 530 2298 promoverunt.
554 2207 686 2298 „blihi“,
713 2217 812 2295 iuquit
833 2216 1022 2297 Thorpius
1036 2213 1110 2299 ii),
1133 2219 1270 2283 Hiohesii
1291 2228 1418 2285 seuten-

140 2340 212 2400 tiam
232 2335 385 2415 reiutans,
409 2349 473 2417 ,ne
500 2333 662 2410 vestigium
685 2328 805 2409 quidem
834 2333 917 2396 illius
947 2331 1070 2396 dialecti
1099 2350 1153 2413 par
1184 2341 1278 2398 totum
1304 2342 1415 2416 poema

142 2451 262 2516 odorari
283 2451 425 2528 contigit3
456 2445 495 2509 ab
516 2447 601 2510 initio
630 2447 709 2509 enirn
731 2465 829 2527 usque
852 2447 890 2512 ad
912 2448 999 2511 linem
1020 2447 1124 2529 lingui
1146 2449 1298 2514 saxonica
1321 2469 1418 2532 aeque

140 2567 216 2648 purd
245 2567 450 2645 conscriptum
477 2568 537 2647 est,
567 2579 605 2625 ao
630 2565 728 2643 ipsius
749 2563 867 2628 Aliredi
889 2580 997 2643 opera3
1026 2566 1163 2629 Danismi
1189 2582 1251 2628 uon
1273 2568 1416 2646 existunt,

140 2685 201 2747 nisi
225 2685 257 2746 in
285 2683 470 2762 cogitatione
498 2680 579 2742 docti
608 2682 742 2743 auctoris
774 2681 933 2745 Thesauri.
980 2678 1096 2755 Quodsi
1119 2683 1208 2744 etiam
1239 2682 1417 2746 Hichesium

139 2806 253 2863 rectum
276 2797 393 2861 vidisse
416 2803 446 2859 et
467 2793 628 2858 dialectum
650 2796 954 2861 Dauo-Saxonicum
976 2813 1046 2861 esse
1067 2797 1235 2861 concedere
1257 2798 1415 2883 vellemus,

140 2921 239 2978 tamen
271 2913 346 2976 nihil
374 2909 458 2975 aliud
486 2910 557 2974 inde
584 2919 760 2976 secuturum
789 2919 887 2992 esset,
918 2929 1010 2992 quam
1031 2912 1113 2994 quod
1135 2920 1235 2977 textus
1258 2917 1415 2994 originalis

140 3046 216 3110 puro
239 3044 379 3093 sermone
394 3028 548 3090 Saronico
564 3029 756 3107 conscriptus
773 3029 919 3090 interierit
934 3034 965 3090 et
981 3026 1129 3108 reliquiae
1147 3033 1312 3115 poematis,
1335 3048 1415 3111 quae

140 3152 274 3226 exstant,
306 3146 337 3206 in
366 3143 532 3223 exemplari
561 3160 579 3205 a
600 3143 834 3207 Northumbrico
857 3142 988 3224 quodam
1010 3145 1112 3208 scriba
1133 3147 1273 3210 coniecto
1296 3145 1334 3208 ad
1355 3162 1413 3212 nos

139 3261 337 3341 pervenerint.
386 3259 461 3322 Tum
482 3256 661 3322 sumendum
684 3265 783 3340 esset,
807 3257 953 3343 codicem,
977 3262 1029 3341 qui
1058 3259 1240 3326 Cadmonem
1269 3263 1411 3346 eontinet,

139 3379 284 3457 scriptum
311 3391 380 3439 essa
403 3391 439 3438 eo
463 3380 614 3455 tempore,
646 3393 707 3457 quo
730 3373 879 3439 dialectos
902 3377 996 3456 partis
1017 3376 1101 3440 illius
1121 3377 1250 3457 hugliao
1271 3384 1413 3457 corrupta

139 3494 249 3557 luisset
275 3491 455 3555 intermixtis
491 3489 619 3553 vocibus
657 3491 803 3570 originem
833 3489 1016 3555 habentibus
1047 3510 1076 3555 a-
1093 3492 1323 3576 Scandinaviis,
1359 3495 1411 3573 qui

139 3624 206 3671 eam
225 3616 333 3672 terram
354 3615 416 3671 turn
439 3612 664 3686 occupaverant
683 3613 714 3669 et
733 3597 909 3670 colebant.“

220 3724 371 3789 Nonnulla
400 3740 473 3786 vero
503 3723 616 3801 scripta
645 3719 775 3785 dialecto
805 3720 1099 3785 northumbrieorum
1123 3726 1304 3803 composita,
1333 3722 1410 3784 inter

138 3857 217 3922 quos
234 3838 401 3906 Cedmon
415 3840 530 3902 vixisse
546 3835 678 3902 aBeda
693 3834 830 3918 traditur,
855 3842 982 3902 aetatem
997 3838 1144 3922 tulerunt,
1168 3854 1295 3918 quorum
1310 3843 1410 3899 tamen

138 3957 251 4037 exigua
272 3962 388 4020 tautum
407 3972 479 4036 pars
500 3953 599 4018 adhuc
621 3952 701 4018 edita
723 3946 869 4031 ast.***)
912 3950 972 4017 Sed
995 3969 1063 4016 oum
1090 3955 1275 4034 paucissima
1295 3958 1409 4016 tantum

139 4089 258 4155 eorum,
292 4070 405 4153 quibus
435 4072 513 4136 haec
542 4069 690 4135 dialectus
722 4069 760 4134 ab
796 4069 964 4148 huglorum
1000 4066 1233 4133 occidentalium
1269 4083 1411 4132 sermone

138 4186 266 4268 recedit,
298 4189 331 4251 iu
352 4187 530 4268 paraphrasi
550 4184 827 4269 deprehendantur,
852 4185 1015 4265 Thorpii
1037 4185 1120 4265 prior
1141 4184 1290 4248 sententia
1309 4185 1410 4247 verior

172 4482 203 4550 *)
221 4498 247 4538 r.
265 4480 418 4537 lliohasli
435 4480 528 4535 literas
545 4481 573 4534 in
591 4478 732 4550 Thorpii
750 4478 819 4534 Edit.
838 4477 944 4536 caedm.
964 4493 989 4546 p.
1008 4476 1051 4530 lli.
1071 4489 1110 4557 sq.

155 4582 204 4653 ⁸⁸)
222 4585 240 4639 l.
260 4598 282 4638 c.
301 4598 327 4653 p.
345 4582 390 4639 tx.
408 4580 441 4637 ci.
459 4562 664 4638 Bosworthii
685 4581 803 4637 Lexiccn
822 4578 1031 4646 anglo-Saron.
1049 4592 1075 4646 p.
1094 4575 1186 4632 ltvllt.

69 4740 74 4747 .
139 4684 204 4755 m)
221 4702 248 4742 r.
265 4683 416 4741 Grimmii
435 4682 479 4740 Gr.
497 4684 521 4752 1,
542 4682 602 4739 376.
621 4682 663 4738 ad.
685 4682 728 4736 lll.
749 4709 783 4719 -
800 4678 933 4749 Tborpii
951 4681 1026 4734 hnal.
1046 4676 1255 4746 Angla-Saron.
1274 4691 1300 4744 p.
1319 4676 1351 4730 19
1369 4689 1408 4744 sq.

224 4774 374 4855 ciusdem
392 4784 499 4843 caetu.
517 4798 542 4854 p.
562 4784 594 4840 x.
614 4782 701 4839 etna
720 4786 815 4838 notam.
851 4781 987 4836 aoswsr.
1007 4780 1025 4833 r.
1043 4779 1111 4834 xxr.
1131 4792 1170 4847 sq.
