3324 5430
802 251 846 326 ll

744 361 905 369 --—-——

187 507 301 584 rierat,
337 481 383 566 ita
411 503 499 564 ctiam
529 494 692 579 tranquilla
720 506 815 563 morte
845 497 989 561 mundum
1010 500 1132 580 reliquit
1154 502 1242 565 etad
1271 507 1338 583 elus
1362 508 1462 570 risic-

187 638 255 685 nem
277 609 398 682 renit.“

270 770 315 832 lle
337 764 498 831 Cedmcnis
521 771 757 843 sanctorumque
779 763 906 826 aliarum
927 763 1064 844 reliquiis
1086 767 1127 829 ita
1149 756 1254 831 s'erilrit
1277 770 1463 836 marmesi.

190 879 230 966 (l.
253 882 334 953 3de
357 881 457 947 Gestis
486 881 595 945 Pontii.
611 897 645 961 p.
670 881 737 942 l5l.
759 879 789 944 b.
806 878 860 942 Ed.
882 875 1039 960 nonani:
1071 881 1224 963 „iuventa
1255 892 1326 948 sunt
1346 889 1465 951 ncrite'r

190 998 229 1091 (i.
252 1018 277 1064 e.
300 1007 368 1062 ante
393 999 509 1061 initium
531 996 629 1059 seculi
647 988 731 1074 xli.)
748 1002 777 1058 et
791 998 823 1057 in
837 998 1028 1059 eminentiam
1044 999 1123 1062 elata
1137 1007 1312 1064 sanctorum
1327 1019 1466 1088 corpora,

190 1117 394 1182 Trumuini
414 1115 480 1195 Ep„
503 1112 619 1176 Osuii
641 1112 738 1192 regis,
761 1118 790 1174 et
811 1111 1034 1196 Aelssedae,
1057 1113 1137 1177 filiae
1159 1119 1246 1198 ejus,
1268 1135 1347 1197 quae
1368 1117 1465 1183 eidem

189 1235 374 1299 manasterio
397 1236 466 1310 pest
486 1225 642 1290 Hildam
664 1227 803 1307 praefuit,
825 1244 883 1291 nec
904 1246 966 1291 ncn
987 1230 1069 1294 illius
1091 1231 1242 1315 monachi,
1259 1252 1348 1314 quem
1364 1234 1467 1301 diuino
1512 1249 1514 1254 ’

190 1367 315 1414 munere
337 1349 493 1413 scientiam
516 1351 623 1408 cantus
645 1346 804 1423 accepisse
825 1344 907 1409 Beda
926 1347 1028 1410 refert.
1069 1349 1162 1428 Cujus
1184 1367 1245 1413 ncu
1267 1351 1364 1415 luisse
1387 1351 1468 1432 apud

192 1470 295 1538 Deum,
319 1464 465 1546 populare
498 1446 653 1540 meritum,
688 1462 835 1524 miracula
866 1461 957 1525 mcdc
993 1464 1101 1547 multa,
1129 1472 1162 1530 ut
1192 1468 1307 1551 lerunt,
1338 1485 1470 1549 superne

194 1583 326 1646 demissa
347 1578 547 1660 praetendunt
566 1569 746 1642 indicium.“

273 1731 400 1794 Etiamsi
433 1728 510 1791 haec
540 1727 719 1807 simplicitas
740 1732 769 1789 et
796 1726 960 1792 credulitas
988 1730 1109 1792 illorum
1137 1737 1303 1814 temporum
1331 1754 1404 1815 nm,
1432 1736 1470 1800 alr

194 1849 275 1911 omni
304 1847 519 1926 superstitione
546 1845 669 1907 nimium
699 1850 843 1924 quantum
866 1845 1000 1928 aliea0S‚
1022 1863 1084 1910 nen
1106 1857 1225 1931 movet,
1257 1857 1355 1914 tamen
1377 1869 1428 1916 res
1454 1871 1472 1916 a

192 1963 276 2027 Beda
298 1971 434 2032 narratas
462 1963 503 2023 ita
531 1977 564 2023 se
587 1958 699 2022 habere
721 1958 876 2023 latendum
899 1967 954 2043 est,
975 1968 1009 2040 ut
1030 1962 1177 2046 lectorum
1206 1968 1325 2030 animos
1351 1976 1474 2032 teneant

196 2073 440 2160 desideriumque
461 2079 594 2140 excitent
614 2081 729 2138 textum
749 2075 853 2154 hymni
887 2080 1068 2159 genuinum,
1093 2080 1200 2162 rerba,
1224 2084 1251 2145 si
1279 2081 1344 2146 lieri
1366 2087 1473 2165 possit,

195 2199 293 2278 ipsius
303 2195 465 2260 Cedmcnis
478 2195 651 2256 accuratius
659 2190 876 2272 cognoscendi.
900 2193 955 2256 Cui
968 2201 1070 2273 aptate
1086 2202 1117 2258 ut
1134 2199 1475 2284 satisfaceremreeen-

198 2316 302 2383 sicncs
318 2318 389 2391 ties,
403 2313 492 2389 juxta
507 2326 541 2372 se
557 2310 691 2388 positas,
713 2311 793 2388 typis
809 2307 1027 2372 exscribendas
1044 2315 1156 2395 curavi,
1173 2316 1273 2378 varias
1290 2333 1392 2379 earum
1408 2318 1476 2380 lee-

198 2432 297 2494 ticnes
319 2428 432 2490 notavi
474 2424 557 2506 lnde,
577 2431 610 2488 ut
633 2440 690 2504 ego
713 2422 835 2504 quidem
853 2424 978 2506 judice,
1001 2428 1077 2490 satis
1099 2426 1231 2491 dilucide
1253 2439 1388 2513 apparet,
1410 2435 1477 2512 pri-

199 2564 278 2612 mam
307 2546 389 2607 illam
418 2543 629 2605 recensionem
665 2557 682 2603 e
714 2539 829 2604 Codice
864 2542 980 2607 Ellensi
1014 2542 1202 2625 desumptam
1238 2549 1371 2610 omnium
1408 2566 1479 2612 esse

201 2662 454 2744 antiquissimam.
503 2657 621 2720 Literas
641 2657 672 2719 in
703 2659 813 2738 quavis
835 2658 918 2721 linea
938 2661 1054 2748 majore
1076 2661 1174 2724 lorma
1197 2679 1361 2743 expressas
1385 2682 1480 2728 assc-

203 2782 333 2844 nautiam
367 2776 416 2837 rel
450 2775 690 2855 alliteraticnem,
717 2773 800 2855 quod
830 2774 960 2854 rhythmi
989 2792 1086 2855 genus
1117 2780 1179 2856 jam
1212 2775 1292 2858 apud
1325 2780 1479 2845 Romanos

203 2902 328 2977 poetas,
349 2893 512 2972 Elegiaccs
535 2895 631 2971 certe,
654 2888 735 2953 haud
757 2906 826 2953 rare
849 2893 995 2972 occurrit,
1026 2894 1198 2976 continere,
1221 2894 1353 2960 lectores
1376 2901 1481 2961 moniti

204 3014 311 3076 sciant.
353 3011 404 3072 Sic
423 3007 534 3072 Catulli
547 3022 668 3068 carmen
685 3004 722 3068 de
742 3007 819 3085 Atye
835 3007 946 3071 talibus
961 3007 1091 3071 vocibus
1108 3012 1325 3077 assumentibus
1338 3012 1481 3096 abundat,

163 3206 169 3213 ι
205 3131 273 3210 lege
295 3126 426 3208 quadam
448 3122 629 3202 conjunctis.
672 3121 705 3182 ln
739 3139 800 3202 quc
831 3124 962 3186 carmine
984 3104 1077 3186 binae
1097 3124 1352 3205 pluresvevnces
1374 3128 1482 3194 iisdem

189 3235 300 3307 'literis
321 3242 502 3321 incipientes
522 3254 557 3301 se
578 3239 749 3322 excipiunt,
773 3247 805 3302 ut
827 3258 854 3303 u.
877 3241 895 3303 6
916 3256 990 3320 sqq:

223 3428 226 3435 ’
306 3420 412 3488 ltaque,
430 3422 459 3472 ut
475 3416 568 3470 relicta
587 3419 679 3471 sensit
697 3417 755 3472 sibi
774 3416 890 3473 membra
909 3419 974 3474 sine
993 3420 1065 3487 rirc;

246 3558 247 3565 κ
309 3525 403 3589 etjam
421 3523 530 3574 recente
551 3523 638 3573 terrae
657 3520 721 3574 sola
739 3521 873 3587 sangnine
890 3520 1033 3587 maculans,

310 3625 397 3678 niueis
417 3625 501 3678 citata
520 3623 597 3690 cepit
615 3621 735 3675 manibus
755 3622 816 3675 leve
838 3627 994 3690 tympanum,

264 3789 266 3792 ¹
309 3733 481 3796 tympanum,
499 3723 610 3790 tubam,
629 3721 750 3790 Cybelle,
768 3729 837 3789 tua,
856 3729 954 3791 mater,·
970 3726 1058 3795 initia;

173 3806 176 3814 ¹
212 3814 214 3820 '
311 3829 484 3897 quatiensque
502 3831 584 3894 terga
601 3827 676 3879 tauri
693 3827 803 3879 teneris
821 3840 887 3880 caua
913 3824 1026 3894 digitis.
1046 3867 1052 3880 .
1073 3867 1078 3880 .
1098 3832 1149 3882 cet.

292 3998 389 4062 Simili
403 3995 493 4059 mado
516 3997 546 4058 in
563 4012 746 4076 quecunque
761 4013 853 4059 versu
866 3997 1078 4078 A-Saxcnicc‚
1093 4001 1208 4076 majore
1221 4005 1321 4061 tamen
1338 3998 1487 4082 libertate,

211 4131 300 4196 quam
329 4112 409 4193 apud
435 4111 672 4196 Scandianum,
704 4111 776 4174 bina
803 4113 852 4175 rel
877 4115 955 4177 trina
979 4113 1073 4176 verba
1100 4111 1381 4193 deprehenduntur,
1409 4132 1488 4195 quae

211 4247 337 4294 numero
358 4229 412 4292 illc
435 4232 598 4307 conjuncta
617 4235 733 4308 gratum
756 4227 907 4309 quendam
929 4246 1037 4293 scuum
1061 4229 1202 4292 alliciunt.

281 4379 440 4458 *Sequitur
472 4386 553 4440 nunc
592 4378 692 4456 ipsum
727 4378 969 4457 antiquissimum
1012 4384 1144 4457 poeseos
1183 4376 1491 4457 Angla-Saxonicae

213 4496 379 4575 specimen.
1012 4476 1020 4495 ⁴

250 4805 283 4874 *)
302 4823 326 4860 v.
349 4805 456 4875 Tlrcrpii
475 4805 569 4862 Caedm.
591 4823 616 4875 p.
635 4776 724 4862 XlllX.

275 4876 278 4885 ι
