3324 5430
265 2066 466 2189 Postquam,
498 2111 669 2186 conjunctis
698 2109 855 2175 doctorum
881 2111 1013 2173 uirorum
1036 2111 1132 2191 curis,
1162 2110 1320 2192 tenebrae,
1351 2108 1462 2189 quibus

187 2231 301 2312 patriae
333 2229 456 2307 linguae
483 2228 615 2292 studium
647 2229 698 2293 diu
728 2230 861 2294 obsitum
890 2231 1003 2309 luerat,
1036 2228 1157 2292 taudem
1189 2228 1350 2293 discussae
1382 2235 1462 2308 sunt,

187 2344 288 2411 studia
310 2360 431 2424 quoque
451 2343 621 2424 linguarum
638 2348 826 2426 antiquitatis
848 2347 999 2409 classicae
1020 2352 1134 2408 tantum
1156 2343 1226 2408 inda
1248 2347 1464 2409 incrementum

188 2466 347 2543 ceperunt,
371 2466 403 2522 ut
423 2461 499 2523 ratio
524 2477 628 2526 eorum
651 2461 889 2526 exercendorum
910 2462 1000 2541 plane
1022 2461 1083 2523 alia
1106 2461 1187 2524 iacta
1212 2463 1261 2526 sit.
1305 2463 1398 2540 Cujus
1419 2463 1463 2523 rei

188 2578 390 2642 testimonium
412 2575 571 2660 praebent,
596 2595 663 2641 cum
681 2594 775 2658 opera
794 2579 925 2640 virorum
949 2574 1120 2660 doctorum,
1144 2576 1254 2656 quibus
1276 2578 1463 2657 propositum

190 2702 252 2778 est,
281 2691 415 2772 indolem
451 2699 650 2775 naturamque
677 2695 800 2770 linguae
830 2699 860 2756 et
888 2693 1103 2772 grammaticae
1131 2709 1261 2772 graecae
1297 2699 1327 2756 et
1353 2693 1464 2755 latinae

191 2810 360 2889 explicare,
393 2815 454 2870 turn
484 2809 570 2888 ipsae
599 2805 814 2888 grammaticae
842 2807 947 2870 barum
976 2809 1163 2887 linguarum,
1196 2825 1273 2889 quas
1303 2825 1464 2889 puerorum

191 2921 486 3008 manibustradero,
514 2931 729 3005 praeceptores
751 2939 814 2987 uon
836 2921 981 2989 dubitant.
1023 2921 1165 3007 Accedit,
1194 2922 1291 3006 quod,
1312 2924 1371 2988 boc
1392 2939 1467 3004 pro-

191 3059 301 3122 gressu
323 3055 429 3120 parurn
452 3040 599 3123 contenti,
620 3042 677 3104 viri
699 3040 796 3121 docti,
824 3041 928 3121 quiin
951 3036 1156 3119 comparanda
1176 3040 1282 3118 lingua
1303 3040 1468 3103 vernacula

193 3175 261 3222 cum
282 3157 468 3220 Sanscritica
490 3162 664 3236 versantur,
691 3157 824 3236 tructus,
853 3172 932 3236 quos
953 3153 1024 3217 inde
1046 3154 1251 3238 collegerunt,
1273 3172 1342 3218 cum
1364 3153 1468 3235 pbilo-

192 3275 276 3354 logia
307 3272 428 3352 proprie
456 3272 501 3333 sic
530 3269 611 3336 dicta
636 3272 696 3336 sibi
725 3269 993 3335 communicandos
1025 3268 1214 3349 putaverunt.
1261 3270 1327 3346 Quo
1355 3272 1467 3334 lactum

193 3396 255 3469 est,
278 3395 310 3451 ut
327 3390 429 3471 timor,
451 3403 490 3450 ne
508 3404 589 3451 nora
603 3387 756 3451 literarum
771 3387 893 3465 farrago
909 3384 1017 3450 studiis
1032 3388 1210 3466 optimarum
1226 3390 1333 3450 artium
1348 3396 1467 3468 noceat,

194 3505 304 3567 multos
331 3501 503 3586 invaderet,
535 3505 666 3583 priscam
695 3501 891 3565 sobrietatem
916 3503 1127 3581 sagacissimis
1150 3502 1416 3567 obseruationibus
1441 3509 1470 3565 et

195 3619 310 3683 effusae
330 3619 461 3692 lactitiae
485 3635 589 3682 eorum
604 3619 825 3699 praeferentes,
849 3619 901 3698 qui
916 3633 1013 3680 noras
1028 3633 1149 3697 semper
1163 3617 1282 3683 diuitias
1299 3636 1336 3681 ex
1352 3633 1468 3682 oceano

195 3737 318 3815 liuguae
346 3736 502 3798 orientalis
534 3735 774 3815 perfectissimae
803 3737 834 3796 in
866 3734 965 3796 lucem
994 3751 1029 3797 se
1057 3735 1221 3814 protulisse
1249 3733 1471 3798 arbitrabantur

196 3867 295 3932 eoquo
315 3851 384 3929 ipso
409 3849 619 3934 fundamenta,
641 3852 672 3913 in
694 3851 805 3931 quibus
828 3851 961 3930 cognitio
977 3851 1111 3930 priorum
1126 3857 1254 3914 actatum
1278 3855 1378 3931 posita
1398 3855 1470 3931 erat,
1510 3929 1512 3935 Ι

196 3967 343 4032 subruere
366 3964 554 4030 videbantur.
1511 3939 1513 3942 Α

279 4081 486 4162 Quaecunque
507 4100 579 4147 vcro
602 4085 678 4146 ratio
694 4083 785 4162 buius
806 4081 851 4144 rei
874 4086 936 4159 est,
958 4086 1056 4143 tamen
1072 4097 1160 4145 nemo
1181 4082 1322 4166 negabit,
1352 4080 1471 4146 laudem

199 4198 350 4261 literarum
374 4214 392 4259 a
423 4198 496 4259 viris
524 4197 602 4281 illis,
631 4201 770 4279 quamuis
792 4200 823 4260 in
846 4199 1014 4260 contrarias
1036 4205 1137 4277 partes
1162 4216 1255 4278 saepe
1278 4198 1361 4262 abire
1382 4197 1471 4260 vide-

198 4319 315 4397 rentur,
344 4311 424 4375 baud
455 4327 561 4392 parurn
591 4331 662 4379 esso
688 4320 808 4378 auctam
838 4318 866 4376 et
891 4313 1003 4377 lamam
1033 4330 1136 4377 eorum
1165 4321 1258 4378 totum
1281 4315 1344 4378 lere
1368 4312 1471 4377 orbem

199 4437 344 4494 terrarum
366 4435 561 4509 pervagatam
584 4446 663 4495 esse.
685 4429 760 4505 Quis
782 4430 862 4492 enim
878 4437 939 4515 est,
963 4432 1012 4494 vel
1026 4429 1217 4494 mediocriter
1237 4433 1269 4494 in
1291 4431 1386 4494 literis
1401 4445 1474 4492 ver-

200 4553 299 4623 satus,
333 4543 371 4607 ad
394 4549 481 4624 cujus
502 4562 591 4609 aures
612 4560 723 4608 nornen
745 4544 883 4609 Jacobi
905 4544 1083 4628 Grimmii,
1106 4545 1199 4611 Guil.
1224 4543 1472 4628 Humboldtii,

202 4662 397 4726 Francisci
418 4661 556 4742 Boppii'
572 4677 634 4725 non
654 4662 851 4741 pervenerit?
884 4659 959 4734 Quis
978 4666 1038 4742 est,
1067 4664 1120 4742 qui
1142 4670 1247 4746 neget,
1271 4663 1308 4727 ab
1330 4662 1377 4725 bis
1401 4663 1474 4726 viris

201 4775 368 4840 illustribus
384 4792 542 4840 commune
557 4793 668 4841 nomen
683 4775 862 4840 Germanum
877 4793 976 4857 aeque
990 4793 1061 4841 essa
1077 4786 1213 4842 ornatum
1230 4797 1266 4843 ac
1286 4781 1370 4860 ipsas
1386 4785 1475 4860 artes,
1574 4821 1578 4829 ·

203 4910 293 4973 quum
323 4899 421 4956 tamen
448 4894 544 4974 primo
572 4899 706 4971 ternpore
728 4894 758 4956 in
787 4893 962 4974 quisquiliis
984 4901 1014 4956 et
1036 4896 1125 4974 nugis
1148 4894 1261 4958 bonum
1285 4897 1376 4959 otium
1399 4909 1478 4956 con-
