3324 5430
257 474 327 521 esse
356 453 483 518 ridetur.
534 455 626 517 Recte
656 455 745 516 etiam
777 468 844 516 oum
877 448 983 514 eodem
1003 452 1068 513 viro
1101 448 1191 514 docto
1214 457 1396 536 statuemus,
1429 462 1530 534 partes

256 575 389 638 tortasse
410 572 530 652 aliquas
543 559 698 651 'poematis
717 567 874 633 Cedmonii
894 568 988 630 variis
1011 565 1149 629 dialectis
1171 569 1362 649 conscriptas
1385 570 1530 633 extitisse.

192 729 195 733 ‚
256 689 363 768 Neque
394 704 467 750 vero
498 685 537 749 ob
566 701 632 748 eam
656 701 720 748 rem
748 685 800 747 uni
830 685 945 746 auctori
978 688 1072 746 totum
1104 682 1445 772 opusggbjudicandun
1475 693 1531 768 est,

175 781 180 792 ⁸
258 804 421 885 praecipue
437 818 505 865 curn
519 800 618 865 Beda
638 800 658 864 l.
680 801 699 864 l.
722 806 930 880 argumentum
952 797 1176 880 paraphraseos
1197 805 1334 884 nostrae,
1362 818 1473 882 magna
1493 820 1532 866 ex
1555 821 1560 831 ·

258 926 343 1001 parta
364 919 488 1002 saltem,
518 917 638 994 aderat,
669 917 737 996 ipse
758 934 832 980 vero
856 915 955 980 codex
976 917 1033 979 hls.
1057 914 1280 995 paraphraseos
1301 918 1411 981 unicus
1432 919 1533 984 multis

259 1037 337 1100 locis
359 1040 521 1115 corruptus
552 1038 583 1096 et
603 1033 757 1096 mutilatus
786 1035 840 1116 sit,
868 1038 959 1112 atque
986 1032 1028 1095 ita
1055 1030 1147 1093 lacile
1174 1032 1320 1112 explicari
1342 1035 1457 1117 pessit,
1480 1051 1534 1099 cur

259 1150 414 1216 secundus
435 1149 528 1228 liber,
552 1150 604 1229 qui
624 1148 767 1212 historias
784 1151 856 1213 novi
878 1148 1061 1211 Testamenti
1082 1152 1202 1229 tractat,
1224 1164 1285 1212 non
1307 1166 1412 1214 omnes
1433 1150 1534 1216 bisto-

259 1270 322 1331 rias
344 1284 362 1330 a
382 1264 482 1330 Beda
510 1270 714 1347 enumeratas,
745 1265 891 1344 plurimas
914 1271 1029 1344 tamen,
1061 1268 1174 1342 tangat.
1220 1263 1276 1328 Est
1302 1271 1458 1346 praeterea
1484 1266 1535 1330 bic

260 1384 337 1446 liber
363 1380 518 1447 secundus
550 1383 666 1444 minore
698 1396 767 1444 oum
799 1395 872 1442 cura
903 1385 934 1442 et
963 1394 1055 1441 manu
1085 1379 1185 1441 minus
1218 1379 1350 1460 eleganti
1382 1390 1534 1446 exaratus.

260 1505 477 1580 Argumentum
500 1500 567 1576 ejus
585 1497 779 1577 praecipuum
797 1498 828 1558 in
850 1490 1061 1558 describendis
1082 1496 1247 1577 tormentis,
1266 1497 1377 1577 quibus
1393 1502 1536 1564 crucian-

261 1627 322 1699 tur,
346 1619 399 1696 qui
430 1621 502 1678 sunt
526 1615 555 1675 in
587 1614 732 1695 internis,
757 1615 850 1692 inque
874 1610 986 1677 Christi
1007 1608 1161 1675 descensu
1187 1609 1225 1675 ad
1250 1613 1367 1678 interos
1390 1624 1537 1683 versatur.

262 1731 347 1808 Quae
361 1729 461 1795 Beda
476 1728 514 1793 de
529 1728 710 1810 paraphrasi
721 1726 924 1794 Cadmcuis
940 1724 1014 1791 dicit
1028 1725 1080 1791 lib.
1090 1727 1140 1791 lv.
1154 1745 1219 1809 cap.
1235 1730 1284 1794 2a.
1299 1732 1345 1794 sic
1360 1748 1395 1796 se
1409 1731 1536 1797 babent:

262 1846 424 1932 „Canebat
445 1851 545 1909 autem
566 1838 742 1926 (cedmon)
765 1842 802 1907 de
825 1844 978 1907 creatione
1006 1842 1109 1907 mundi
1140 1850 1169 1907 et
1196 1847 1314 1925 origine
1331 1847 1458 1912 humaui
1479 1866 1537 1929 gc-

261 1965 359 2044 neris,
391 1967 421 2025 et
450 1966 512 2024 tota
534 1959 660 2024 Genesis
686 1959 828 2042 historia,
861 1957 899 2033 de
931 1975 1059 2039 egressu
1088 1958 1184 2023 lsrael
1211 1977 1250 2023 ex
1270 1962 1411 2044 Aegypto
1437 1971 1467 2029 et
1486 1967 1537 2028 in-

262 2095 373 2160 gressu
396 2079 429 2139 in
459 2085 568 2141 terram
594 2078 857 2158 repromissionis,
887 2074 924 2139 de
955 2075 1024 2139 aliis
1055 2075 1193 2155 plurimis
1221 2079 1334 2144 Sacrae
1364 2080 1539 2161 Scripturac

261 2196 414 2274 historiis,
445 2191 481 2256 de
503 2193 714 2257 lucarnatione
736 2190 901 2274 dominica,
924 2191 1088 2272 Passione,
1111 2191 1346 2260 Resurrectione
1368 2202 1397 2260 et
1417 2197 1538 2260 Ascen-

263 2312 350 2375 sicue
370 2312 401 2372 in
423 2311 558 2386 coelum,
590 2308 627 2373 de
648 2309 780 2389 Spiritus
804 2308 909 2371 Sancti
941 2308 1074 2372 adventu
1101 2314 1131 2372 et
1151 2310 1369 2390 Apostolomm
1393 2311 1539 2379 doctrina.

263 2425 335 2489 ltem
358 2424 396 2488 de
424 2432 539 2489 terrorc
570 2425 663 2489 luturi
686 2421 794 2503 judicii
816 2429 847 2486 et
870 2421 997 2489 horrore
1022 2442 1140 2505 poenae
1157 2425 1350 2509 gehennalis,
1373 2446 1410 2492 ao
1431 2427 1539 2494 dulce-

263 2540 333 2606 dine
362 2543 449 2621 regni
478 2541 623 2605 coelestis
653 2540 748 2603 multa
777 2540 912 2602 carmina
943 2539 1170 2605 iaciebat...
1218 2542 1257 2605 Et
1285 2542 1406 2622 quidem
1434 2553 1463 2609 et
1489 2548 1540 2610 alii

265 2664 336 2739 post
357 2658 443 2720 illum
464 2659 495 2719 in
517 2662 608 2736 gente
629 2656 908 2736 hogio-Saxonum
928 2655 1073 2735 religiosa
1094 2660 1234 2735 po'e'mata
1255 2658 1356 2722 lacere
1377 2661 1541 2746 tentabant,
1595 2736 1597 2743 Α

265 2772 320 2837 sed
339 2773 444 2836 nullus
466 2788 535 2835 cum
557 2774 758 2853 aequiparare
778 2764 911 2852 potuit.“

347 2887 414 2963 Qua
434 2904 468 2952 re
490 2889 511 2949 ii
532 2904 595 2951 non
615 2889 797 2970 erraverint,
820 2889 873 2969 qui
892 2886 971 2949 hano
986 2885 1185 2967 paraphrasin
1201 2887 1346 2953 Cedmoui
1362 2889 1543 2957 adscriben-

266 3002 335 3068 dam
355 3020 425 3068 esse
446 3005 664 3068 recentissimis
686 3002 873 3084 temporibus
896 3001 1133 3082 contendomnt3
1160 3020 1334 3086 quanquam
1354 3010 1461 3088 negari
1482 3026 1544 3073 non

267 3120 391 3203 poterit,
413 3125 535 3200 poetam
557 3135 606 3183 res
628 3135 692 3182 non
712 3134 834 3198 semper
855 3116 962 3181 eodem
984 3117 1110 3181 artificio
1133 3123 1323 3185 tractavisse.

345 3235 517 3299 Nonnullae
543 3234 664 3316 quidem
696 3236 797 3316 operis
823 3237 888 3313 ejus
917 3232 1131 3313 periphrastici
1160 3242 1262 3315 partes
1284 3238 1439 3316 ingenium
1463 3239 1544 3304 haud

268 3349 420 3415 mediocre
442 3349 587 3432 produnt:
609 3352 710 3414 omnia
730 3349 808 3414 bene
831 3352 953 3413 inventa
972 3356 1043 3414 sunt
1063 3355 1093 3413 et
1114 3356 1173 3414 tam
1196 3350 1288 3431 longo
1309 3370 1328 3415 a
1348 3354 1429 3419 nuda
1451 3373 1545 3437 para-

269 3466 373 3546 phrasi
394 3465 555 3549 recedunt,
585 3473 617 3531 ut
639 3465 819 3532 Cedmcni
847 3464 885 3528 ab
912 3467 989 3545 ipsis
1011 3466 1120 3545 huglis
1141 3482 1252 3530 nornen
1273 3468 1343 3532 inde
1364 3471 1545 3537 Miltonis

269 3580 602 3662 Angla-Saxonioi
616 3580 697 3644 baud
712 3583 859 3645 immerito
875 3583 915 3645 sit
930 3581 1080 3645 tributum.
1093 3575 1131 3660 *J
1167 3583 1221 3646 llis
1237 3584 1314 3647 loeis
1330 3602 1401 3649 vere
1416 3590 1546 3668 poeticis

270 3695 496 3760 adnumeranda
518 3706 564 3761 est
586 3699 718 3761 narratio
741 3694 779 3759 da
801 3697 978 3776 angelorum
999 3694 1186 3780 delectione,
1209 3715 1269 3778 qua
1289 3700 1385 3763 Deum
1407 3719 1546 3766 commo-

271 3818 332 3876 tum
355 3811 441 3894 tingit
461 3818 568 3895 poeta,
595 3820 629 3877 ut
650 3812 789 3875 lacunam
809 3813 841 3874 in
863 3813 1006 3876 universo
1029 3814 1071 3876 ita
1092 3819 1227 3876 exortam
1249 3817 1402 3882 creatione
1424 3821 1545 3898 generis

271 3929 421 4010 melioris,
451 3928 598 4011 bominis,
627 3927 771 4007 expleret.
814 3926 902 4002 Quod
928 3929 986 3991 Dei
1008 3928 1184 4011 consilium,
1213 3947 1304 4011 quum
1334 3933 1451 4013 angelis
1475 3933 1546 3996 olim

271 4043 383 4127 beatis,
410 4061 492 4108 nunc
519 4045 623 4121 malis,
652 4045 849 4125 innotuisset,
880 4050 941 4107 tum
969 4041 1076 4106 ducem
1105 4060 1227 4127 eorum,
1256 4048 1368 4130 inquit,
1398 4049 1546 4128 quiante

272 4158 472 4224 deiectionem
501 4161 729 4240 potentissimus
756 4160 882 4241 Deoque
912 4161 1090 4224 carissimus
1121 4160 1246 4245 luisset,
1282 4165 1417 4226 oratioue
1444 4163 1548 4228 babita

273 4278 377 4341 socios
406 4282 620 4340 tormentorum
650 4274 838 4339 exhortatum
865 4291 948 4358 esse,
983 4281 1029 4358 ut,
1063 4291 1154 4355 quum
1186 4276 1370 4343 beatitudine
1397 4280 1457 4343 lrui
1485 4298 1547 4345 non

273 4390 404 4471 amplius
434 4391 511 4470 ipsis
534 4391 654 4473 liceret,
683 4390 835 4455 hominem
863 4407 1000 4475 quoque,
1028 4391 1132 4472 quiin
1155 4410 1244 4456 suum
1268 4394 1368 4458 locum
1391 4395 1546 4478 subiisset,

274 4524 310 4569 ea
340 4507 500 4585 privarent.
556 4504 644 4581 Quod
676 4524 711 4572 se
738 4508 779 4570 ita
806 4507 951 4571 facillime
978 4515 1175 4573 assecuturos
1207 4525 1292 4591 esse,
1324 4511 1353 4574 si
1380 4528 1462 4594 eum,
1495 4515 1546 4591 qui

307 4750 338 4816 *J
357 4749 456 4805 Tumor
474 4749 509 4817 ll,
528 4750 586 4805 313.
606 4748 714 4820 'lborpii
733 4750 829 4810 Cadm.
850 4766 877 4821 p.
897 4752 941 4806 Vl.
960 4751 1062 4822 Coopb.
1082 4752 1099 4806 l.
1120 4752 1138 4805 l.
1158 4767 1184 4821 p.
1203 4752 1262 4809 186.
