3324 5430
845 226 869 298 8

772 335 932 342 ...----.

237 486 239 492 ·
300 472 427 538 decedit
446 473 506 536 alia
525 475 615 553 ratio,
635 490 696 553 qua
710 475 861 537 sententia
874 477 978 535 nostra
995 471 1134 533 lirmatur.
1176 470 1379 555 Aliredus,
1395 476 1447 555 qui
1462 477 1491 536 in

219 590 362 655 vertenda
382 586 505 652 Bedae
526 587 653 651 historia
670 595 782 652 textum
803 589 927 650 latinum
947 589 1022 651 satis
1045 594 1187 650 accurate
1208 589 1296 668 sequi
1319 589 1412 670 solet,
1433 590 1492 653 lroc

218 711 287 787 ipso
307 707 392 783 loco,
415 721 476 783 quo
498 704 630 784 hymnus
646 700 809 767 Cedmouis
832 702 969 783 affertur,
999 703 1148 767 nonnulla
1169 703 1256 766 aliter
1281 705 1382 787 vertit,
1404 721 1493 783 quam
1572 783 1577 794 .

219 829 319 886 textus
347 819 505 898 originalis
537 817 702 899 desiderat,
732 819 781 881 rel
813 820 901 882 etiam
932 820 1052 900 omittit,
1090 817 1197 900 idque,
1224 828 1256 882 ut
1289 826 1429 903 apparet,
1457 817 1494 882 de

219 935 376 999 industria.
415 935 508 1020 ,Haec
529 937 607 999 euim
637 932 731 996 rerba
752 931 895 996 Bedae:
927 936 1052 1015 „statim
1084 937 1151 1014 ipse
1184 930 1359 1014 (cedmon)
1395 922 1495 1015 coepit

220 1059 342 1115 cantare
368 1053 398 1114 in
431 1048 552 1113 laudem
584 1050 642 1113 Dei
677 1048 849 1115 Conditoris
882 1065 1008 1128 versus,
1050 1067 1128 1130 quos
1153 1068 1307 1131 nunquam
1343 1048 1493 1133 audierat,

220 1183 379 1246 quorum
401 1168 482 1230 iste
505 1172 564 1229 est
582 1182 672 1230 sens
687 1157 754 1229 us“
786 1167 818 1227 in
839 1166 982 1229 versione
1003 1165 1280 1245 Angla-Saronico
1301 1168 1346 1229 sic
1368 1174 1494 1230 sonant:

219 1285 257 1361 la
279 1298 379 1361 cugan
402 1280 439 1345 lre
461 1297 539 1344 sona
560 1283 670 1362 singan
690 1284 721 1344 in
743 1281 910 1344 herenesse
931 1279 1028 1361 godes
1050 1280 1223 1361 scypendes
1244 1283 1356 1362 palers
1379 1281 1437 1345 and
1459 1285 1497 1362 pa

220 1397 293 1460 vord
316 1401 352 1477 pe
375 1397 412 1460 he
441 1398 533 1460 uaeire
553 1413 592 1460 ne
614 1396 765 1477 gelrprde,
792 1400 885 1476 para
908 1394 1183 1476 eudebprdnes
1217 1399 1250 1461 is
1269 1399 1345 1478 pis,
1369 1414 1495 1478 quorum

222 1511 315 1576 ordo
344 1513 394 1576 hic
426 1520 481 1576 est.
522 1510 667 1576 llllredus
698 1513 789 1590 igitur
817 1529 879 1575 nou
914 1519 1025 1575 tantum
1051 1530 1203 1576 sensum
1233 1513 1337 1592 hymni
1358 1511 1497 1591 reddidit,

221 1616 473 1708 quemadmodum
494 1627 577 1691 Beda
599 1628 726 1708 iecerat,
749 1626 804 1691 sed
827 1626 1002 1692 ordinem
1025 1626 1203 1709 verborum,
1232 1630 1331 1709 qualis
1357 1627 1497 1692 omnibus

221 1744 397 1807 notissimus
421 1750 503 1825 erat,
536 1744 696 1824 expressit.
738 1742 839 1822 Pergit
855 1742 953 1826 Beda,
975 1743 1067 1807 allato
1088 1742 1190 1824 hymni
1211 1762 1320 1827 seusu,
1354 1742 1430 1826 „hic
1452 1751 1499 1805 est

222 1875 385 1942 sensns,
410 1876 469 1923 nou
492 1865 590 1922 autem
614 1857 703 1922 ordo
724 1856 791 1936 ipse
813 1858 984 1942 verborum,
1007 1876 1085 1941 quae
1102 1850 1255 1923 dormiens
1276 1860 1329 1923 ille
1351 1857 1497 1922 canebat:

103 2010 110 2022 ·
222 1978 425 2055 nequeenim
453 1976 764 2056 possuutcarmina,
801 1976 940 2055 quamvis
970 1977 1080 2055 optime
1103 1978 1292 2057 composita,
1326 1993 1364 2038 ex
1387 1975 1446 2037 alia
1467 1976 1497 2036 iu

222 2076 310 2152 aliam
338 2090 487 2174 linguam,
511 2088 713 2170 adverbum,
737 2093 804 2153 siue
828 2088 1006 2153 detrimento
1037 2093 1085 2154 sui
1115 2090 1238 2155 decoris
1269 2107 1305 2154 ac
1334 2090 1498 2171 diguitatis,

222 2197 414 2268 transferri.“
457 2206 545 2268 Hune
566 2211 659 2269 totum
682 2205 783 2268 locum
805 2205 948 2269 Allredus
971 2209 1081 2289 omisit,
1106 2225 1142 2271 eo
1164 2208 1234 2287 ipso
1264 2206 1443 2287 declarans,
1465 2225 1499 2269 se

222 2321 400 2384 sementiam
423 2320 523 2384 Bedae
546 2321 694 2402 probasse
726 2320 857 2401 ideoque
882 2321 1025 2400 hymnum
1058 2339 1118 2386 non
1149 2321 1352 2406 transtulisse,
1380 2321 1434 2387 sed
1462 2338 1500 2386 et

223 2435 281 2500 alia
303 2443 418 2500 tautum
439 2436 569 2501 dialecto
592 2439 621 2499 iu
646 2452 732 2500 suam
754 2444 898 2500 mutasse.
910 2433 948 2518 a)

303 2571 365 2633 Vir
384 2571 475 2649 igitur
496 2566 619 2631 dubium
644 2575 705 2650 est,
731 2570 804 2648 quin
826 2568 957 2647 hymnus
979 2569 1046 2652 ille,
1076 2585 1165 2648 quem
1186 2568 1386 2649 Waulejus
1400 2566 1459 2649 iW)
1483 2587 1499 2633 e

223 2683 290 2750 cod.
312 2685 428 2749 Ellensi
453 2678 560 2747 iterum
584 2681 699 2767 edidit,
733 2689 899 2766 „tauquam
923 2687 1072 2768 omnium,
1109 2701 1188 2765 quae
1210 2687 1364 2751 innostra
1396 2687 1499 2766 lingua

224 2797 373 2882 (duplica
395 2796 458 2879 sc.)
481 2803 643 2864 etiamnum
665 2807 785 2881 extent,
818 2808 1080 2864 monumentorum
1107 2817 1203 2881 paene
1225 2793 1499 2882 vetustissimum“‚

223 2921 396 2982 immutatus
419 2925 449 2981 et
469 2912 504 2979 ut'
522 2919 649 2996 primum
672 2919 804 2997 scriptus
826 2918 882 2980 tuit
903 2915 941 2981 ad
964 2934 1022 2981 nos
1044 2919 1223 2997 pervenerit.

304 3049 349 3112 De
377 3055 476 3113 textus
502 3065 574 3110 vero
604 3050 701 3128 ipsius
731 3048 834 3112 indole
855 3052 911 3113 viri
933 3049 1014 3113 docti
1036 3049 1125 3113 valde
1147 3052 1226 3114 iuter
1246 3067 1280 3114 se
1311 3048 1499 3113 dissentiunt.

224 3163 383 3244 complue
397 3169 505 3228 arius
528 3157 698 3246 enim'ffl)
720 3182 785 3228 eam
800 3166 1011 3229 recensionem
1034 3166 1131 3230 seculi
1146 3165 1195 3230 Xl.
1211 3166 1259 3229 vel
1274 3165 1337 3230 Xll.
1359 3184 1378 3228 a
1399 3165 1501 3229 scriba

224 3263 327 3361 porum
343 3282 439 3361 perito
454 3280 621 3360 prolectam
636 3280 734 3344 luisse
749 3286 848 3364 putat,
865 3298 931 3345 eam
946 3282 1109 3362 praecipue
1125 3280 1164 3344 ol
1180 3265 1320 3365 cansam,
1337 3280 1417 3364 qnod
1434 3283 1500 3361 ipse

224 3396 381 3475 Wanlejns
405 3393 602 3478 dubitaverit,
624 3404 723 3459 utrum
744 3397 944 3478 fragmentum
966 3395 1042 3460 illud
1063 3414 1131 3461 cnm
1151 3395 1275 3476 codice,
1309 3400 1357 3461 cul
1380 3396 1500 3460 addita-

224 3511 316 3574 menti
344 3509 414 3574 lcco
438 3510 588 3591 adjectum
612 3518 672 3594 est,
705 3512 840 3592 eJusdem
862 3515 969 3578 aetatis
989 3515 1048 3596 sit,
1070 3529 1176 3576 necne.
1219 3514 1292 3576 Rem
1316 3519 1395 3575 certe
1418 3511 1502 3575 dilli-

226 3627 366 3689 eillimam
389 3643 473 3708 csse,
496 3625 532 3690 de
555 3634 653 3691 aetate
674 3632 948 3711 manuscriptorum
964 3629 1233 3693 d-Saronioornm
1256 3645 1293 3690 ex
1315 3628 1398 3691 varia
1421 3630 1502 3692 scri-

224 3740 316 3805 bendi
336 3742 452 3806 ratione
472 3737 728 3841 (ortlrpgraphiil
756 3751 960 3826 conjecturam
983 3746 1095 3828 iacere,
1117 3744 1309 3824 Tlrorpius
1331 3741 1409 3806 bene
1432 3761 1501 3805 mo-

224 3851 358 3941 nuit†),
387 3856 487 3921 locum
510 3857 568 3921 ltdc
597 3860 627 3920 in
649 3876 681 3922 re
704 3878 799 3941 aeque
823 3880 859 3927 ac
885 3871 1002 3943 tempus
1031 3857 1253 3941 respiciendum
1277 3876 1347 3922 esse
1373 3867 1500 3923 comer-

226 3971 312 4036 dens.
355 3971 438 4067 Quas
460 3990 533 4037 vero
556 3975 690 4041 rationes
714 3978 924 4059 Conybearins
946 3977 1047 4056 affert,
1079 3983 1112 4038 nt
1140 3975 1318 4038 seutentiam
1343 3992 1428 4039 suam
1448 3974 1502 4036 tir-

225 4096 300 4170 met‚
325 4107 378 4153 eae
401 4091 532 4154 leviores
555 4097 642 4167 sunt,
673 4094 827 4175 virumque
850 4092 971 4159 doctum
993 4109 1054 4157 non
1077 4093 1152 4156 satis
1176 4088 1335 4172 diligenter
1356 4093 1386 4152 in
1409 4108 1445 4154 ea
1471 4107 1502 4153 re

227 4213 378 4269 versatum
402 4222 487 4289 esse,
511 4203 630 4270 docent.

265 4483 295 4549 *J
315 4481 354 4538 Cf.
375 4484 543 4538 llnllrertsma
561 4501 587 4539 m
607 4484 768 4540 Boswortltii
787 4484 887 4540 lonico
905 4484 972 4539 ll-S.
994 4483 1070 4553 prael
1095 4500 1118 4554 p.
1140 4486 1215 4540 LVll.

244 4585 291 4646 **)
313 4585 331 4638 l.
350 4599 373 4637 o.
392 4600 416 4654 p.
435 4586 494 4640 287.

228 4686 295 4753 *Ἣ
315 4687 331 4740 l.
354 4702 377 4739 o.
397 4702 421 4755 p.
445 4688 469 4742 6.
488 4692 548 4740 ructa
566 4687 590 4740 2.

261 4788 293 4852 †)
314 4787 407 4842 Cadm.
427 4803 451 4856 p.
473 4788 528 4842 llll.
