3324 5430
764 257 810 332 21

706 366 869 377 —-—--

501 507 651 577 versio
669 505 727 576 ad
748 506 915 575 verbum
936 505 1063 575 faeta.

207 640 208 644 ¹
274 660 415 725 Universi
435 663 535 721 reetor
556 657 734 737 augelorum
746 652 852 719 ‘tribus

275 786 329 858 per
348 790 455 838 manus
479 767 594 854 (suaa)
617 773 797 853 potentiam,
821 775 945 834 sanetus
967 768 1123 853 domiuus,

274 889 378 954 deeaur
400 891 533 972 paravit,
556 886 667 969 quibus
688 875 768 950 bene
792 884 974 968 confidebat,

155 1085 157 1088 y
274 1024 329 1072 ees
352 1006 550 1069 ministerium
572 1003 670 1083 ipsius
690 1008 874 1084 sequuturos
896 1018 976 1085 esse,

253 1184 255 1188 ,
272 1123 456 1186 veluntatem
471 1136 557 1185 suam
572 1119 718 1183 iaeturos.
761 1117 858 1194 Quem
873 1115 912 1182 ati
926 1117 1016 1182 fluam
1030 1119 1178 1182 rationem
1193 1118 1253 1182 iliis
1269 1116 1351 1180 dedit
1397 1120 1425 1181 5.

274 1244 303 1301 et
324 1235 463 1300 manibus
485 1237 550 1300 suis
573 1251 628 1299 ees
650 1235 806 1317 formavit,
829 1240 955 1299 sanetus
977 1232 1126 1299 domiuus.
1400 1237 1402 1240 ’

260 1354 473 1434 ”Ι)ἰεροευοτεῑ
492 1349 545 1414 ille
568 1366 623 1414 ees
644 1355 705 1414 tam
725 1349 864 1434 ielieiter,

272 1485 364 1532 uuum
387 1472 544 1530 creaverat
565 1464 642 1529 adeo
663 1471 827 1548 petentem,
896 1456 898 1462 ’

154 1614 155 1619 1
274 1582 351 1647 adeo
373 1582 538 1663 puileuteur
559 1582 591 1644 iu
612 1581 722 1645 mentis
744 1597 820 1647 suae
844 1583 1037 1666 cogitatione,
1097 1592 1099 1596 ’

273 1705 388 1763 tautum
408 1699 566 1778 imperium
589 1699 655 1777 eius
676 1697 766 1779 iecit,

273 1831 408 1880 summus
431 1810 491 1892 (ut)
514 1818 584 1894 post
600 1815 699 1895 ipsum
722 1811 834 1891 (esset)
856 1814 888 1876 iu
910 1813 1064 1878 coelerum
1082 1831 1187 1895 reguo.

273 1929 360 2020 Adeo
382 1926 515 1993 luridum
536 1946 604 1992 eum
628 1929 759 2012 iecerat,
913 1931 915 1935 ’

273 2044 350 2110 adeo
368 2032 504 2124 jucunda
524 2044 582 2108 iuit
604 2047 670 2124 eius
690 2044 788 2110 forma
810 2045 843 2108 iu
863 2044 976 2127 natalie,

274 2178 353 2242 quae
373 2161 419 2224 ilii
439 2162 523 2224 veuit
546 2177 565 2223 a
586 2158 709 2225 domiue
730 2161 932 2243 exereituuur,

276 2276 385 2341 similis
406 2282 470 2341 erat
485 2273 597 2339 lueidis
621 2275 729 2340 stellis.

275 2391 410 2455 Laudem
433 2390 546 2456 domiui
566 2390 744 2472 praedicare
766 2376 912 2475 debehat,

274 2521 346 2573 rara
366 2506 479 2572 habere
501 2505 633 2571 debebat
653 2506 766 2590 gaudia
787 2524 844 2571 sua
864 2509 895 2570 iu
918 2509 1013 2572 coelis

274 2628 304 2686 et
325 2620 455 2686 debebat
476 2639 533 2687 suo
556 2622 678 2687 domiuo
698 2625 812 2704 gratias
834 2639 926 2704 agere

272 2754 328 2824 pro
348 2739 502 2821 praemio,
523 2736 606 2820 qued
627 2737 680 2802 ille
703 2740 731 2802 ei
753 2740 783 2802 iu
804 2738 1054 2819 lueetribuerat3

278 2860 340 2918 turn
362 2873 430 2919 eum
453 2852 556 2918 diuiti
578 2851 739 2934 possidere
760 2855 895 2920 iecisset.
955 2937 957 2940 y

274 2970 336 3035 Sed
358 2970 502 3051 pervertit
522 2967 553 3032 id
575 2967 635 3033 sibi
656 2969 687 3032 iu
709 2970 848 3053 exitium,

275 3088 375 3168 eoepit
394 3085 508 3150 beilum
530 3092 636 3149 eontra
657 3102 725 3149 eurr
747 3101 954 3166 tumulavere,

257 3187 383 3267 'eeutra
404 3217 553 3267 summum
576 3197 655 3266 caeli
675 3191 840 3284 recturam,

255 3319 327 3399 ‘qui
348 3317 436 3383 sedet
456 3317 486 3381 iu
508 3334 599 3382 sacro
619 3302 739 3384 throne.

277 3433 372 3497 Carus
395 3434 447 3498 ilie
468 3434 525 3498 suit
545 3433 667 3499 demine
689 3439 816 3519 nostre,

273 3564 372 3629 neque
396 3542 534 3630 (tamen)
557 3566 626 3613 eum
647 3550 741 3614 latere
763 3551 874 3632 potuit,

274 3662 356 3745 quod
377 3665 507 3745 augelus
529 3668 595 3744 eius
617 3667 718 3747 eoepit
739 3664 890 3747 superbus
912 3683 1001 3747 esse,

156 3822 157 3831 η
274 3780 411 3845 Surrexit
444 3773 515 3863 (is)
553 3787 660 3845 eontra
694 3781 848 3846 deminum
887 3799 990 3865 suum,
1031 3784 1183 3863 quaesivit
1215 3778 1427 3863 (sermonem)

805 3915 930 3963 eausam
940 3895 974 3977 i)
996 3897 1075 3977 edii,

275 4009 368 4074 verba
390 4011 597 4090 superbientia
617 4011 765 4078 adversus
788 4009 915 4095 (eum),
938 4015 1035 4078 uoluit
1056 4014 1122 4078 Dee
1143 4015 1267 4078 servire.

188 4273 219 4338 *)
238 4272 270 4325 ei.
289 4273 405 4327 Psalmes
423 4273 465 4327 ad.
485 4272 634 4342 Thespii,
655 4273 696 4327 lx.
716 4289 740 4326 v.
762 4275 786 4329 i.
806 4274 914 4329 sortitam
936 4277 978 4330 thu
998 4275 1084 4331 damst
1101 4278 1188 4332 minue
1208 4276 1267 4332 dem
1287 4276 1336 4331 aud
1358 4279 1427 4331 miae

238 4388 376 4442 spraeee,
394 4375 516 4444 quoniam
536 4373 622 4429 iecisti
638 4375 766 4442 judicium
788 4377 873 4432 meum
893 4383 920 4432 et
940 4393 1070 4432 eausam
1089 4392 1182 4432 uveam.
