3324 5430
205 522 271 584 Deo
286 521 318 583 in
332 520 455 584 deliciis
470 530 566 604 esset,
582 519 621 583 ad
636 521 871 587 inobedientiam
886 522 1067 587 seducerent
1082 520 1163 586 etad
1179 531 1336 602 peccatum
1350 527 1477 604 primum

204 635 449 700 committendum
477 637 680 721 impellerent,
716 646 763 718 ut,
797 640 828 701 in
862 641 1014 702 cruciatus
1047 638 1185 702 locorum
1222 641 1387 703 inferorum
1419 639 1476 704 de-

202 760 320 832 trusus,
342 768 449 815 servus
466 749 646 817 daemonum
660 754 805 818 malorum
823 753 916 818 heret.
958 752 1003 818 lta
1024 753 1136 816 laetum
1157 771 1237 835 esse,
1257 761 1348 835 poeta
1368 758 1494 843 pergit,

202 873 234 930 ut
255 846 388 930 hdo-mus
421 882 489 929 cum
516 871 647 950 conjuge
673 870 737 935 Eva
765 869 922 951 deiiceret,
951 884 1029 948 quae
1062 867 1192 933 detectio
1214 869 1275 933 aliu
1302 874 1475 936 narratione

201 982 369 1044 continetur
390 998 488 1063 aeque
509 985 633 1064 egregia
654 993 683 1048 et
705 991 814 1065 poetae
837 984 987 1067 praeclari
1006 986 1130 1065 ingenio
1153 983 1341 1071 dignissima.

280 1129 367 1193 Aliae
389 1137 491 1211 partes
513 1135 677 1215 poematis,
708 1150 823 1213 eaeque
845 1134 965 1214 plures,
996 1139 1103 1197 ornatu
1129 1150 1227 1212 paene
1249 1136 1330 1197 omni
1352 1136 1472 1215 poetico

197 1241 356 1308 destitutae
378 1251 464 1328 sunt,
493 1251 522 1308 et
542 1248 602 1310 nisi
627 1238 771 1312 numerus
802 1248 924 1330 quidam
950 1251 1082 1333 inesset,
1112 1250 1165 1330 qui
1186 1249 1314 1313 vocibus
1337 1267 1355 1312 a
1376 1250 1472 1314 literis

195 1358 303 1423 iisdem
324 1359 538 1439 incipientibus
566 1367 595 1426 et
623 1363 762 1444 rhythmo
789 1363 921 1445 quodam
948 1363 986 1427 ad
1008 1364 1194 1436 trochaicum
1215 1367 1265 1429 vel
1288 1363 1471 1444 dactylicum

195 1473 352 1540 accedenti
374 1474 516 1556 elicitur,
539 1481 704 1544 orationem
725 1479 894 1560 pedestrem
919 1481 1133 1545 chronicorum
1155 1481 1257 1562 legere
1280 1488 1308 1545 te
1330 1479 1470 1544 crederes

194 1593 311 1671 potios,
333 1608 421 1671 quam
443 1597 561 1672 poema.

275 1740 438 1822 Utriusque
470 1746 592 1824 generis
625 1746 780 1824 specimen
808 1714 860 1809 hie
892 1742 1035 1807 exhibere
1067 1745 1189 1825 placuit.
1245 1743 1284 1808 Ut
1315 1746 1469 1824 ingenium

193 1860 344 1935 poeticum
370 1858 532 1924 Cedmunis
555 1860 592 1925 ab
611 1863 683 1924 artis
701 1858 945 1926 aestimatoribus
961 1857 1120 1939 dijudicari
1137 1861 1251 1943 possit,
1273 1844 1469 1940 monolognm

193 1969 280 2035 ducis
308 1974 499 2056 angelorum,
529 1977 582 2057 qui
610 1978 705 2040 sociis
732 1995 751 2039 a
780 1977 845 2040 Deo
875 1974 1056 2038 deiectionis
1089 1985 1195 2040 auctor
1223 1982 1283 2059 cst,
1316 1977 1347 2037 in
1383 1975 1468 2039 ealce

191 2085 281 2166 hujus
296 2091 531 2170 scriptiunculae
546 2090 766 2173 inprimendum
782 2093 887 2156 curavi
907 2099 939 2167 ‚et
954 2093 1140 2174 versionem,
1162 2109 1240 2171 quae
1256 2090 1351 2154 verba
1365 2091 1468 2155 Sano—
1585 2070 1589 2075 ’

92 2243 100 2251 ,
193 2205 261 2266 nica
282 2211 405 2269 strenue
432 2209 583 2290 sequitur,
613 2205 732 2288 addidi,
760 2215 793 2272 ut
821 2206 1112 2296 dialectihnglioae
1140 2209 1239 2270 minus
1266 2206 1354 2286 periti
1375 2204 1469 2268 verba

192 2321 325 2384 auctoris
346 2320 467 2385 facilius
489 2322 701 2402 intelligerent.

276 2467 363 2543 Quod
392 2487 465 2534 vero
492 2473 638 2536 orationis
668 2473 864 2553 simplicioris
886 2470 966 2550 elegi
988 2470 1158 2551 specimen,
1185 2467 1290 2548 hymni
1311 2467 1467 2533 Cedmonii

192 2587 313 2647 nomine
336 2586 414 2648 inter
435 2584 542 2651 doctos
564 2594 685 2667 notum,
715 2589 746 2650 in
767 2586 948 2668 paraphrasi
970 2584 1091 2665 quidem
1113 2600 1175 2647 non
1197 2584 1322 2666 legitur,
1351 2583 1406 2649 sed
1428 2584 1466 2650 ab

192 2700 330 2764 omnibus
346 2703 459 2766 criticis
474 2705 654 2788 genuinum,
677 2722 695 2780 a
715 2703 869 2767 nonnullis
890 2704 1013 2766 unicum
1030 2707 1139 2783 poetae
1152 2701 1353 2780 fragmentum
1368 2701 1466 2765 habe·

191 2823 251 2897 tur,
274 2819 386 2897 quippe
401 2818 482 2899 quod
503 2818 636 2883 aBeda
657 2820 677 2884 l.
693 2836 719 2882 o.
735 2819 912 2883 exhibeatur
928 2826 957 2883 et
970 2821 1001 2881 in
1016 2819 1157 2881 versione
1173 2815 1328 2880 hllredi
1344 2817 1466 2896 Anglo-

190 2931 359 3012 Sanonioa,
386 2950 448 2997 nun
476 2952 493 2997 e
520 2935 626 3016 latino,
652 2941 685 2998 ut
710 2936 842 3017 reliqua,
875 2951 1014 2998 sermone
1041 2930 1191 2996 redditum
1224 2930 1377 3016 rideatur,
1411 2930 1465 2997 scd

190 3053 303 3110 textum
326 3049 502 3127 originalem
524 3056 739 3129 repraesentet.
783 3048 870 3124 Quod
892 3065 961 3112 cum
981 3049 1166 3129 argumentis
1188 3042 1323 3128 chisil),
1345 3055 1407 3111 tum
1429 3065 1466 3112 ea

188 3162 292 3241 hymni
313 3165 492 3227 recensione
512 3164 669 3247 probatur,
700 3181 779 3247 quae
801 3152 912 3228 in'hne
932 3163 1048 3228 codicis
1071 3165 1273 3244 antiquissimi
1293 3162 1464 3229 Ellensis

188 3278 237 3340 vel
259 3252 504 3343 Norwicensis
525 3288 620 3363 extat,
643 3298 724 3344 nunc
745 3283 777 3343 in
791 3280 977 3345 bibliotheca
990 3282 1075 3360 regia
1097 3277 1177 3360 apud
1193 3278 1392 3359 Centobriges
1408 3297 1463 3343 as-

188 3395 309 3456 servati.
351 3394 549 3478 Wanlejus‚
571 3396 786 3462 celeberrimus
802 3397 934 3476 catalogi
948 3398 1222 3476 manuscriptorum
1237 3397 1464 3474 septentriona-

189 3508 260 3571 lium
284 3516 404 3591 auctor,
425 3511 505 3575 hunc
527 3511 665 3576 codicem
686 3514 722 3576 Α.
738 3514 773 3576 Ι).
789 3514 848 3577 737
872 3512 1099 3596 ,Ceolwullo
1116 3510 1216 3574 adhuc
1229 3518 1391 3591 regnante,
1408 3528 1462 3575 seu

189 3625 294 3688 saltem
310 3632 378 3690 ante
395 3626 593 3692 lladberhti
607 3629 878 3712 inaugurationem,
891 3628 1011 3692 duobus
1026 3644 1149 3710 quoque
1164 3628 1251 3690 annis
1266 3635 1336 3707 post
1346 3622 1462 3689 Bedae

189 3740 317 3824 obitum,
339 3744 370 3805 in
387 3744 668 3808 wiremuthensi
682 3744 867 3808 monasterio
883 3744 1028 3823 scriptum
1044 3736 1137 3807 cssc“
1163 3749 1263 3825 putat,
1285 3743 1304 3804 i.
1327 3759 1353 3804 e.
1375 3741 1462 3804 annis

188 3860 237 3920 57.
260 3863 330 3937 post
361 3857 475 3922 obitum
502 3858 681 3943 Cedmonis,
711 3876 800 3940 quem
828 3861 885 3922 viri
914 3857 994 3923 docti
1022 3851 1186 3946 anno'iglti
1212 3852 1360 3921 mo'rtuum
1392 3848 1518 3944 essee

189 3975 362 4052 coniiciunt.
404 3974 487 4038 Haec
510 3977 650 4040 recensio
673 3973 888 4056 orthographid
903 3983 933 4038 et
954 3977 1060 4039 lormis
1080 3973 1237 4038 nonnullis
1259 3972 1462 4051 grammaticis

188 4091 312 4154 multum
333 4087 448 4153 recedit
469 4090 588 4170 quidem
604 4091 641 4156 ab
665 4109 717 4173 ea,
741 4108 831 4173 quarn
852 4089 1027 4154 Aliredus
1049 4088 1140 4153 nobis
1161 4088 1307 4170 servavit,
1330 4084 1368 4149 ad
1390 4103 1462 4149 ver-

189 4206 259 4270 bum
280 4215 379 4270 tamen
402 4204 472 4269 huic
487 4204 660 4288 respondet.
704 4205 817 4281 Quiane
841 4205 999 4288 probatur,
1024 4204 1233 4269 translatorem
1248 4205 1364 4282 regium
1380 4200 1462 4266 Ced-

187 4325 287 4387 monis
303 4323 446 4403 hymnum
461 4322 522 4386 non
537 4324 703 4404 vertisse,
720 4320 776 4386 sed
791 4324 891 4402 potius
908 4339 924 4385 e
939 4337 1079 4385 sermone
1094 4320 1250 4382 Saxonum
1265 4318 1462 4400 orientalium,

190 4434 248 4520 (eo
271 4441 349 4502 enim
371 4439 571 4519 fragmentum
591 4437 665 4501 illud
688 4438 865 4520 appendicis
879 4440 949 4502 loco
970 4439 1001 4499 in
1024 4435 1098 4500 tlod.
1119 4436 1235 4499 Eliensi
1259 4435 1463 4514 conscriptum

191 4573 260 4619 esse
282 4549 463 4636 putamus)
491 4557 521 4618 in
548 4571 718 4619 sermonem
738 4557 894 4619 Saxonum
916 4551 1146 4617 occidentalium
1171 4556 1463 4624 transmutasse.

224 4816 254 4882 *)
274 4815 305 4869 cl.
327 4813 426 4882 Conub.
446 4815 463 4867 l.
482 4829 504 4867 c.
524 4831 548 4883 p.
568 4815 591 4868 7.
