3324 5430
889 253 1049 370 ,16-

329 505 442 561 tunlunr
457 515 476 560 a
491 496 546 563 cll.
563 498 736 579 Thnrpio
753 508 782 563 et
795 500 912 564 liemh
923 502 977 565 lio
994 500 1107 585 editus,
1123 507 1154 566 in
1169 503 1324 585 publicum
1340 508 1431 569 emitti
1453 508 1542 572 desiit
1551 508 1603 589 *);

329 619 472 694 excerpta
502 615 654 695 Thorpins
685 616 716 677 iu
747 614 904 681 Analectis
933 619 997 680 suis
1029 620 1293 683 cumfautoribus
1321 622 1428 685 harum
1454 623 1602 688 literarum
1645 620 1649 625 ’

328 733 570 795 communicavit.
594 730 667 796 Cod.
683 748 756 796 vcro
772 733 1138 819 llushwnrthianns,
1155 752 1227 816 quo,
1243 745 1361 815 praeter
1376 739 1455 801 alios
1472 738 1602 821 codices,

327 847 490 912 Hiokcsius
513 866 588 912 usus
611 856 671 930 est,
702 856 735 912 ut
762 852 941 913 sententiam
967 867 1055 914 snam
1083 851 1121 915 de
1143 850 1292 936 dialecto,
1321 870 1411 933 quam
1433 857 1501 935 ipse
1524 855 1604 937 dicit,

327 964 557 1048 Nortmannica,
588 964 746 1045 probaret,
777 964 910 1029 nondum
937 968 1089 1032 inlunem
1121 966 1220 1032 editus
1250 974 1307 1032 est.
1347 970 1380 1031 ln
1406 977 1489 1034 lanta
1516 973 1606 1051 igitur

328 1079 483 1161 librorum,
500 1083 551 1162 qni
565 1080 728 1145 dialectum
743 1083 1005 1147 Northumhrioam
1020 1101 1091 1147 rere
1106 1087 1275 1168 continent,
1290 1087 1411 1148 raritate
1426 1093 1455 1150 et
1468 1090 1604 1170 penuria,

327 1213 416 1261 nemo
437 1196 570 1278 prudens
592 1198 631 1261 de
652 1201 707 1283 iis,
731 1217 809 1280 quae
831 1201 875 1263 illi
897 1199 1027 1264 dialecto
1049 1203 1174 1281 propria
1191 1202 1267 1284 sint,
1289 1207 1423 1265 statuere
1446 1205 1602 1265 sustineat.

326 1311 464 1396 Accedit,
482 1313 563 1394 quod
582 1313 713 1380 Codices
729 1319 923 1399 vetustiores,
936 1325 969 1380 ut
987 1314 1061 1382 Cod.
1078 1315 1213 1400 Benncti,
1229 1316 1318 1380 litera
1333 1315 1356 1379 B
1374 1318 1513 1399 signatus
1528 1311 1603 1397 Ἢ,

327 1445 367 1492 cx
388 1446 449 1510 quc
473 1430 623 1511 Thcrpius
644 1431 730 1511 leges
752 1431 870 1495 Allredi
891 1439 921 1496 et
941 1432 1013 1496 inae
1030 1430 1136 1516 edidit,
1158 1433 1269 1496 mullas
1289 1431 1438 1496 lectiones
1459 1431 1605 1512 praebent

327 1552 357 1610 ct
378 1547 492 1610 lormas
514 1549 718 1631 antiquiores,
741 1566 835 1633 quas,
856 1565 891 1611 ro
911 1565 973 1612 non
994 1551 1168 1613 accuratius
1191 1548 1400 1629 considerata,
1422 1565 1477 1629 pro
1499 1549 1604 1612 uarie-

325 1661 438 1726 talihus
450 1661 618 1727 dialecticis
636 1664 727 1727 facile
740 1663 880 1728 haberes.
915 1665 1038 1746 Tamen,
1054 1668 1112 1730 etsi
1129 1662 1294 1729 similitudo
1313 1663 1489 1728 Glossarum
1509 1663 1605 1727 Nort-

326 1778 549 1843 hnmhricamm
565 1796 633 1842 cum
648 1782 742 1860 prima
759 1779 861 1859 hymni
877 1783 973 1845 nostri
987 1784 1168 1845 recensione
1182 1797 1230 1843 me
1245 1779 1335 1853 valde
1350 1781 1514 1860 percussit,
1532 1778 1603 1842 inde

324 1912 387 1959 rem
414 1894 555 1960 decidere
583 1912 645 1959 non
672 1899 779 1963 ausim.
835 1897 954 1960 Variam
974 1897 1134 1961 lectionem
1160 1913 1233 1965 vero
1258 1897 1449 1959 recensionis
1470 1894 1602 1958 Ellensis

326 2013 475 2094 exemplis
498 2030 514 2077 c
537 2012 700 2078 Cedmonis
723 2013 902 2094 Paraphrasi
917 2011 1039 2076 aliunde
1054 2013 1155 2076 allatis
1170 2012 1321 2075 illustrare
1336 2009 1448 2092 studui,
1464 2012 1603 2093 quamvis

325 2128 476 2195 aldrmare
498 2146 560 2193 non
584 2132 711 2214 possim,
734 2129 807 2210 qnid
829 2131 869 2194 sit
889 2129 1128 2210 northamtune,
1152 2127 1225 2209 quid
1247 2129 1388 2192 archaice
1410 2126 1531 2190 dietum.

409 2249 436 2311 l.
460 2245 610 2311 Observet
635 2246 744 2328 lector,
772 2262 942 2327 pronomen
963 2262 1022 2327 ue,
1050 2245 1133 2326 qnod
1162 2262 1201 2309 err
1229 2261 1287 2308 usn
1308 2243 1601 2324 Anglo-Saxonum

326 2361 437 2428 adesse
465 2362 611 2447 debebat,
639 2364 671 2426 in
698 2365 880 2427 recensione
901 2363 1016 2426 Ellensi
1046 2363 1148 2426 omitti.
1190 2360 1224 2423 In
1247 2359 1290 2424 ui.
1311 2357 1505 2423 Norlhnmhr.
1528 2374 1603 2438 pro-

324 2496 437 2543 nomen
465 2481 629 2561 personale
658 2481 838 2560 saepissime
869 2482 1014 2543 omissum
1045 2485 1106 2560 est,
1138 2479 1180 2541 ila
1208 2483 1241 2540 nt
1266 2474 1363 2539 editor
1395 2473 1602 2553 doctissimus,

325 2612 386 2676 quo
408 2596 530 2660 lacilins
552 2612 664 2660 sensus
687 2596 748 2660 loci
775 2596 928 2678 capiatur,
960 2594 991 2659 id
1020 2593 1133 2674 ubique
1162 2594 1225 2656 lere
1254 2590 1407 2671 adjecerit.
1449 2589 1501 2652 Sic
1521 2607 1550 2651 v.
1573 2588 1603 2652 6.

324 2710 534 2792 undu-hunig
564 2710 632 2791 (he)
662 2729 723 2776 vos
753 2710 918 2775 brucende.
959 2728 988 2772 v.
1011 2714 1039 2774 l.
1068 2709 1128 2773 and
1161 2705 1229 2788 (he)
1251 2704 1386 2788 bodade‚
1418 2702 1470 2767 nbi
1499 2704 1602 2766 versio

323 2827 384 2892 AS.
402 2826 462 2892 and
484 2827 523 2891 he
543 2826 675 2892 bodude.
718 2845 746 2892 v.
770 2826 799 2891 9.
828 2825 888 2890 and
917 2823 1000 2906 (hyl)
1028 2845 1089 2891 ves
1118 2823 1262 2889 arnrden.
1304 2840 1333 2886 r.
1357 2822 1404 2886 lo.
1434 2818 1494 2883 and
1525 2818 1604 2883 sdna

324 2945 360 3008 cl
377 2942 481 3024 (dam)
510 2951 600 3008 vaire
627 2941 693 3022 (he)
723 2943 819 3023 astdg.
863 2961 890 3006 r.
912 2944 961 3008 25.
983 2942 1043 3007 and
1071 2940 1189 3007 hehcdd
1212 2935 1311 3019 (hine)
1332 2955 1368 3002 sc
1389 2934 1528 3016 Helend,
1550 2933 1603 2997 nhi

323 3061 423 3127 Saxo:
445 3065 483 3143 pa
502 3059 590 3125 ciddc
608 3078 643 3126 se
664 3058 789 3124 Halend
805 3061 866 3123 him
888 3058 946 3123 and
970 3055 1067 3122 evae'd.

404 3179 431 3241 2.
454 3179 586 3242 Vocales
608 3194 702 3258 purae
725 3184 903 3257 accurmnt,
927 3174 980 3239 nhi
1001 3174 1105 3238 fractis
1126 3172 1268 3236 Saxones
1289 3175 1429 3250 utuntur,
1451 3184 1512 3247 qno
1533 3169 1602 3245 ipso

323 3292 403 3358 haud
421 3312 526 3375 porum
548 3312 568 3357 a
587 3294 715 3375 reliquis
730 3291 870 3358 dialectis
893 3291 1036 3355 allinihns
1058 3290 1115 3352 hae
1137 3287 1262 3367 glossae
1285 3284 1517 3365 distinguuntur.
1529 3277 1602 3356 W)

323 3411 375 3475 Sic
398 3408 473 3475 Cnd.
493 3410 643 3474 hiiensis:
674 3408 764 3491 uard,
793 3409 921 3474 hamum
945 3405 1015 3486 (sed
1036 3400 1279 3493 middnngeprd)
1303 3397 1488 3483 proneam,
1510 3396 1604 3460 hear-

323 3543 409 3606 num3
438 3541 528 3605 uere,
558 3526 672 3608 helan,
702 3524 801 3590 hohen
824 3542 880 3606 pro
901 3541 1010 3603 venre,
1041 3521 1163 3585 heoinn.
1206 3518 1350 3582 Similiter
1369 3513 1491 3578 North:
1524 3531 1552 3574 v.
1575 3516 1603 3575 l.

323 3660 393 3708 nam
414 3645 434 3708 i.
457 3659 483 3707 e.
505 3659 543 3705 ne
565 3659 631 3706 eam
652 3644 671 3706 i.
694 3659 723 3723 q.
745 3643 818 3707 Sar.
842 3657 880 3705 ne
902 3656 986 3720 eom;
1009 3639 1086 3717 alle,
1104 3633 1204 3717 aldor,
1227 3632 1328 3711 salde3
1349 3634 1389 3713 pu
1411 3626 1470 3692 ar'd
1488 3625 1604 3705 (Wanl.

323 3777 352 3840 p.
375 3760 444 3823 252.
467 3758 590 3822 Hiches.
612 3775 641 3838 p.
662 3756 712 3821 89.
736 3775 752 3821 e
772 3755 846 3822 Ccd.
869 3749 1147 3828 Rnshworthiano.)
1191 3749 1252 3814 Sed
1273 3751 1304 3811 in
1326 3745 1492 3812 Cedmonls
1522 3761 1603 3824 qno-

324 3893 383 3956 que
413 3874 591 3957 paraphrasi
613 3874 745 3938 cceurrit
766 3874 954 3954 promiscue:
987 3876 1089 3932 suarta
1119 3873 1149 3931 et
1169 3870 1305 3944 suearla;
1335 3862 1411 3926 allos
1435 3868 1467 3926 et
1491 3860 1602 3936 ealles3

325 3989 473 4071 allvalda,
497 3990 632 4073 alvalda,
657 3987 797 4054 alvealda
818 3995 848 4053 el
869 3985 1023 4066 ocioaldo,
1048 3983 1161 4048 heolen
1184 3988 1213 4044 et
1234 3979 1337 4043 helon.

406 4107 434 4170 3.
457 4122 475 4168 a
497 4123 553 4187 pro
575 4124 614 4171 a:
647 4105 736 4169 ladur
763 4122 817 4186 pro
850 4102 950 4168 leder.
1000 4099 1045 4166 Gl.
1069 4098 1175 4164 North.
1196 4115 1225 4160 r.
1246 4097 1297 4158 lt.
1322 4093 1419 4157 adeav
1440 4108 1494 4173 pro
1516 4097 1602 4166 ntur.

324 4221 396 4301 Lag.
413 4222 491 4286 hllr.
514 4220 587 4287 Cod.
606 4222 628 4285 B
652 4219 806 4300 (Benneli)
824 4219 918 4283 xri:
940 4218 979 4282 be
997 4218 1091 4300 stale,
1111 4214 1163 4278 uhi
1182 4210 1276 4278 Codd.
1295 4208 1329 4275 G.
1346 4209 1382 4274 ll.
1395 4205 1431 4286 †)
1459 4204 1491 4269 hi
1509 4205 1603 4268 stolo.

358 4499 373 4535 *
408 4499 441 4554 cl.
462 4499 503 4555 Gr.
524 4498 567 4554 Gr.
586 4499 598 4552 l
631 4497 689 4553 376.

340 4501 389 4636 *Β
408 4602 441 4656 el.
460 4603 574 4658 hncient
591 4541 657 4656 ldws
676 4600 727 4654 and
745 4602 879 4654 institutes
897 4596 928 4650 ol
942 4593 1072 4664 England,
1091 4592 1133 4648 ed.
1152 4594 1178 4646 in
1197 4592 1252 4646 Ful.
1272 4589 1338 4644 latu
1354 4601 1382 4655 p.
1400 4584 1443 4638 20.
1462 4596 1501 4650 sq.

359 4702 374 4738 a

325 4702 357 4738 *³¹⁸
375 4604 389 4770 ζ
409 4702 451 4758 Gr.
474 4701 517 4757 Gr.
537 4704 562 4771 l,
580 4702 640 4758 326.
1241 4786 1243 4791 Ι

358 4807 390 4870 †]
409 4807 427 4859 i.
447 4819 471 4860 e.
489 4805 539 4860 lds.
559 4803 662 4860 Cotton.
681 4802 752 4858 Nero
770 4803 801 4856 Α.
822 4808 844 4856 i.
864 4806 892 4856 ol
910 4804 998 4853 textus
1015 4794 1155 4851 lindensis.
