3324 5430
718 305 767 379 23

227 556 317 638 dixit,
341 572 453 636 eorpus
475 570 563 618 suum
582 570 653 618 esse
672 551 806 616 iueidum
827 559 857 614 et
877 552 1029 635 pudorum,
1333 557 1382 620 30.

228 671 394 753 splendens
416 675 445 734 et
458 670 563 735 colere
584 671 702 750 niteus;
723 685 823 749 neque
839 669 870 730 in
888 671 988 733 animo
1004 686 1061 732 suu
1076 670 1212 732 invenire
1230 666 1382 752 (animum

759 779 925 864 inducere)
950 787 1055 869 putuit,

227 911 260 967 nt
280 902 345 966 Dee
367 900 458 965 vellet
479 904 510 964 in
532 901 699 964 ministeriu

229 1019 294 1096 regi
316 1019 444 1096 servire3
462 1015 522 1079 sibi
544 1017 611 1096 ipse
633 1012 791 1078 videbatur

229 1135 392 1214 putentium
415 1139 444 1195 et
464 1133 524 1194 rim
546 1130 659 1195 habere
680 1134 842 1213 majorem,

228 1265 319 1330 quum
341 1255 466 1312 sanetus
487 1248 571 1312 Deus
593 1246 706 1311 habere
726 1254 848 1331 posset,

230 1365 372 1430 esueiis.
415 1364 510 1427 Multa
535 1362 629 1427 verbu
651 1363 772 1427 loeutus
794 1370 841 1428 est
896 1360 898 1366 ⁸

154 1506 157 1510 ·
228 1482 357 1562 augelus
380 1478 559 1561 superbiae;
581 1477 743 1560 expendit,
765 1498 820 1561 per
839 1481 886 1544 sui
908 1481 998 1544 unius
1021 1483 1096 1562 vim,

230 1595 383 1678 quumudo
406 1594 465 1659 sibi
487 1594 648 1658 firmiorem
668 1595 807 1660 thronum
829 1605 967 1680 pareret,

231 1714 368 1777 altiorem
390 1712 420 1774 in
443 1712 556 1791 coelis,
579 1710 655 1775 dixit
675 1713 775 1776 anime
798 1731 855 1777 sun
878 1731 911 1777 se
934 1715 1074 1795 excitari,

230 1834 263 1893 ut
282 1827 321 1892 eh
343 1826 500 1893 occidente
522 1833 552 1891 et
574 1845 593 1891 a
613 1830 819 1908 septentrione
841 1845 918 1908 epus
943 1827 1172 1909 aggrederetur,
1335 1830 1383 1891 td.

231 1950 400 2009 exstrueret
420 1944 561 2023 castellum
585 1941 675 2026 dixit,
697 1943 756 2008 sibi
779 1943 902 2007 dubium
924 1943 1036 2025 videri,

231 2057 314 2141 quud
334 2060 401 2123 Deu
423 2060 515 2122 vellet
536 2076 644 2122 servus
667 2076 746 2123 esse.

230 2167 367 2260 „Quid“,
388 2176 501 2256 inquit,
525 2173 673 2257 „labores
695 2175 884 2239 sustineam?
906 2175 973 2238 Nun
994 2176 1066 2237 mihi
1089 2192 1167 2255 epus
1191 2182 1237 2238 est

232 2293 420 2372 superiorem
440 2288 571 2353 hebere:
596 2308 653 2370 ego
678 2307 805 2372 pessum
826 2290 967 2354 menibus
989 2285 1105 2372 (meis)
1130 2299 1189 2355 tum
1211 2292 1303 2356 multu

231 2406 381 2471 mirabilia
403 2404 564 2486 perficere,
586 2422 644 2484 ege
666 2405 765 2470 huben
788 2409 953 2485 putentium
976 2423 1115 2488 magnum
1336 2411 1384 2470 d5.

234 2517 346 2606 (mihi)
368 2519 496 2603 puraudi
516 2519 695 2585 diviniorem
717 2521 871 2605 thronum,

233 2640 371 2704 ultiurem
390 2640 422 2702 in
444 2638 541 2702 euein.
583 2638 643 2702 Cur
665 2640 780 2718 gratiae
800 2640 866 2718 ejus
890 2653 984 2702 eausa
998 2640 1171 2720 servirem,

234 2754 439 2820 submitterem
455 2770 503 2818 me
526 2754 555 2817 ei
576 2754 608 2816 iu
630 2754 682 2818 tali
705 2755 875 2819 seruitute?
895 2754 980 2817 Deus
1002 2771 1072 2817 esse
1096 2772 1223 2834 pessum
1251 2757 1293 2819 uti
1317 2755 1384 2818 ille!

233 2871 394 2935 desistatis
415 2868 488 2932 mihi
516 2869 612 2933 furtes
640 2871 732 2954 sueii,
762 2868 873 2950 quibus
900 2871 1041 2934 voluntas
1070 2887 1132 2934 nun
1159 2878 1206 2934 est
1232 2873 1261 2933 in
1284 2889 1387 2952 pugna

319 3064 321 3068 ‚
762 3001 811 3048 me
828 2983 968 3048 saliendi!

233 3103 350 3166 Herses
372 3107 495 3181 pectore
517 3099 673 3164 obfirmato
691 3116 739 3164 me
760 3098 867 3165 dueem
890 3101 1062 3182 elegerunt,
1337 3104 1386 3166 50.

233 3217 339 3297 inclyti
362 3217 487 3297 milites,
510 3215 692 3297 quibuscum
714 3217 876 3281 eonsilium
899 3220 1075 3298 excogitare
1096 3218 1215 3300 pessis,

234 3349 343 3413 sapere
366 3347 434 3395 eum
450 3331 561 3396 talibus
583 3334 695 3412 sneiis3
716 3334 806 3396 amici
828 3341 899 3397 sunt
918 3334 961 3396 iiii
982 3333 1054 3396 mihi
1076 3335 1217 3415 prompti,

234 3446 340 3511 fideles
361 3447 392 3510 in
414 3449 523 3512 unimis
544 3450 620 3513 suis.
665 3449 731 3529 Ego
753 3450 860 3513 horum
882 3466 952 3514 essu
975 3466 1103 3529 pessum
1123 3448 1201 3533 dux,

233 3579 362 3643 regnare
383 3563 414 3625 iu
431 3563 491 3627 hue
509 3581 623 3645 regn03
647 3565 750 3645 itaque
766 3568 880 3644 justum
902 3583 972 3630 esse
993 3564 1066 3628 mihi
1088 3582 1150 3630 non
1169 3562 1304 3647 videtur,

235 3676 316 3758 quud
339 3677 457 3742 uduluri
477 3679 509 3742 in
531 3679 594 3743 ullu
613 3697 647 3744 re
668 3697 762 3760 segur
1337 3684 1386 3744 55.

234 3792 329 3857 Deum
352 3794 391 3858 ob
413 3791 526 3858 bunum
546 3794 681 3877 aliquod.
723 3797 801 3861 Nulo
824 3795 936 3861 diutius
955 3801 1023 3877 ejus
1045 3813 1154 3861 servus
1172 3786 1282 3860 essei“
